1898 3294
129 306 484 361 Ferentarius,
516 306 671 349 leuiter
703 307 896 348 armatus
929 304 1105 361 sagittis
1138 305 1214 346 aut
1245 302 1399 346 fundis.

130 366 378 423 Flixerit,
410 365 638 410 adflixerit.

131 426 360 481 Fratria,
391 426 541 469 fratris
574 439 693 468 uxor.

130 486 402 541 For-tensa,
433 487 619 528 ostenta.
676 483 785 526 unde
818 486 861 526 et
892 483 1148 539 portendere
1180 482 1250 524 uel
1283 481 1521 524 ostendere.

93 559 110 585 τι
130 545 403 598 Fratellis,
435 544 627 587 sordium
660 543 955 599 glomusculis.

129 604 387 659 Flatores,
419 601 639 658 tibicines,
671 617 696 645 a·
729 603 884 645 flando.

129 663 488 722 Flagratores,
520 663 595 719 qui
626 677 671 705 se
704 662 856 718 flagris
888 662 1089 705 conducti
1122 660 1317 704 caedunt.

129 723 164 767 F
172 724 376 777 omitat,
408 723 634 766 fomitibus
667 722 895 765 exassulat.

130 782 300 827 Funus
333 786 383 825 et
413 782 573 825 ferias
606 781 886 838 prouerbium
905 783 971 824 est
1001 781 1053 824 de
1085 783 1224 823 morte
1256 780 1433 835 dictum,
1466 779 1671 836 quoniam

79 858 132 883 10¹
191 843 342 886 fimere
374 842 549 898 publico
581 842 716 884 feriae
748 841 1060 884 indicebantur.

103 930 106 933 ι
131 902 453 957 Fratrarent,
485 903 758 957 turguerent,
788 900 1086 957 pubescerent.

131 962 424 1006 Fabricium
456 962 754 1017 compitum,
785 960 860 1003 ubi
892 975 1005 1003 nunc
1037 960 1168 1003 lacus.
1218 960 1276 1003 ibi
1313 959 1360 1002 ob
1392 958 1587 1015 captiuos
1619 957 1671 1000 de

191 1021 392 1064 hostibus
424 1024 702 1077 recuperatos
734 1020 886 1064 domus
919 1019 1120 1062 Fabricio
1153 1019 1256 1062 data
1288 1022 1366 1061 est.

130 1081 405 1136 Futauere,
437 1081 567 1124 fuere.
1511 1121 1514 1123 .

80 1155 112 1181 ιιι
131 1140 346 1197 Frugem
377 1141 554 1183 fecisti
586 1155 663 1196 pro
697 1139 820 1182 ‘bene
853 1138 1025 1185 fecisti'.
1075 1139 1186 1182 unde
1219 1138 1391 1195 quidem
1422 1138 1553 1193 frugi.

130 1200 347 1244 Facesse
379 1200 478 1243 ‘fac'
509 1200 739 1243 interdum.

227 1395 249 1426 4
279 1392 459 1427 Fortensa
495 1401 542 1426 vu
580 1390 640 1435 (cf.
675 1389 752 1425 cod.
787 1388 919 1434 Mayd.
953 1391 1022 1424 258
1061 1399 1127 1425 sec.
1163 1387 1306 1424 Kettn.:
1343 1387 1525 1423 Fortensa
1562 1386 1671 1432 quasi

132 1441 308 1486 portensa
332 1439 510 1484 ostensa):
537 1437 734 1473 Frontesia
760 1437 867 1483 Plp
870 1436 1065 1472 ortendere
1092 1436 1176 1472 Ha.
1208 1435 1432 1482 protendere
1458 1435 1502 1470 H
1518 1438 1612 1471 Lm.
1638 1446 1672 1478 v,

132 1486 374 1533 praetendere
405 1485 442 1521 R
598 1489 620 1521 5
651 1484 827 1521 Fratellis
843 1449 909 1520 sz
953 1483 1124 1520 Flatellis
1160 1484 1197 1518 P
1223 1486 1228 1528 Ι
1255 1482 1524 1530 glombusculis
1562 1482 1593 1518 C

132 1538 154 1571 6
180 1534 330 1571 Flatore
362 1544 447 1570 som.
482 1533 512 1569 C
532 1535 536 1577 Ι
558 1532 724 1569 tibicinis
752 1532 783 1568 0
949 1535 968 1567 7
996 1531 1278 1587 Flagratoribus
1310 1530 1344 1566 G
1366 1533 1372 1576 Ι
1394 1542 1434 1567 se
1465 1530 1515 1566 G:
1542 1541 1609 1566 om.
1640 1530 1677 1564 P

135 1582 141 1629 Ι
170 1581 331 1618 caedunt
355 1581 444 1617 RG:
472 1581 611 1617 cadunt
637 1580 676 1626 Ο,
702 1580 840 1616 cedunt
865 1579 910 1614 H
1050 1583 1071 1615 8
1097 1579 1265 1615 Fomitat
1291 1579 1466 1614 Mueller:
1492 1578 1674 1614 Formitat

136 1629 207 1665 PG
229 1631 234 1674 Ι
256 1629 450 1669 fomitibus
477 1629 655 1664 Mueller:
687 1627 901 1664 formitibus
929 1627 1011 1672 CR,
1038 1626 1254 1663 formisibus
1280 1626 1338 1672 H,
1365 1626 1524 1663 fortibus
1551 1626 1585 1662 G
1607 1627 1612 1670 Ι
1635 1627 1674 1662 et

133 1677 270 1714 osculis
295 1677 326 1713 G
468 1680 488 1712 9
515 1676 561 1712 de
587 1677 707 1712 morte
733 1675 875 1711 dictum
901 1686 984 1711 nos:
1010 1676 1129 1711 morte
1154 1674 1248 1710 dicit
1271 1686 1330 1720 va,
1356 1673 1541 1710 morediat
1570 1673 1606 1708 P

136 1729 179 1761 10
203 1724 465 1761 indicebantur
489 1735 571 1760 nos:
598 1722 820 1759 dicebantur
844 1735 868 1758 a
891 1722 1046 1768 Papias,
1072 1723 1247 1758 dicuntur
1276 1722 1311 1756 P
1384 1726 1424 1758 11
1451 1723 1674 1768 turguerent

133 1772 228 1808 HR.
253 1774 448 1819 tui-gerent
473 1771 538 1807 CG
636 1775 679 1806 12
705 1770 919 1807 Fabricium
943 1771 1140 1806 Buecheler
1166 1770 1230 1815 (N.
1252 1770 1383 1806 Jahrb.
1403 1771 1430 1814 f.
1455 1770 1552 1805 Phil.
1569 1773 1673 1806 1872.

127 1832 168 1866 Ρ.
195 1822 297 1867 567);
328 1819 440 1856 Fabri
473 1819 524 1865 G,
557 1817 669 1855 Fauri
696 1818 734 1853 P
764 1820 770 1864 1
796 1818 851 1854 ibi
881 1829 948 1854 uos
979 1818 1212 1863 addidimus,
1244 1817 1293 1854 ob
1323 1817 1520 1853 Buecheler
1551 1817 1636 1853 add.
1666 1819 1669 1863 Ι

134 1867 379 1952 ῗῗῗέξξιὲᾼ
393 1866 622 1960 “fithffiztff
642 1913 680 1949 12
685 1866 1058 1959 ,1ΞέἓὲιῖἰῖὛέἓὲ
1066 1847 1676 1949 ὠθωΡθὶῗεὲἕὲἵῗώῗῖἷῗὲἷὲ

136 1963 298 2009 Coo-esen,
324 1963 425 1999 Krit.
450 1963 568 1999 Beitr.
596 1966 687 1998 1863
708 1964 849 2008 Ρ.214.
1008 1965 1052 1998 15
1078 1972 1145 2008 pro
1170 1961 1265 1997 bene
1289 1972 1337 1996 va
1365 1960 1525 2007 Papias.
1558 1960 1674 2007 probe

139 2010 190 2057 P,
217 2011 378 2058 perbene
398 2022 428 2057 Ρ
450 2012 456 2056 Ι
477 2009 629 2057 quidem
654 2009 692 2045 R
715 2020 842 2056 marqo
867 2009 923 2046 H.
950 2009 1074 2046 uirum
1099 2009 1151 2055 H,
1176 2008 1330 2055 quidam
1355 2008 1389 2044 G

233 2110 251 2141 1
287 2104 509 2142 ferentarius
561 2105 689 2142 Plaut.
725 2104 830 2140 Trin.
865 2108 886 2140 2
890 2108 994 2150 4.,55
1039 2104 1148 2140 Varr.
1185 2107 1204 2139 7
1209 2108 1275 2149 ,,57
1309 2104 1408 2140 Fest.
1438 2104 1550 2141 Paul.
1582 2108 1674 2149 85,7.

136 2158 181 2190 93
186 2158 254 2199 ,.14
289 2157 350 2190 etc.
449 2157 489 2190 2
529 2152 654 2200 'xerit]
686 2152 784 2188 Non.
820 2156 898 2197 109,
901 2156 957 2189 30.
1000 2152 1101 2199 Flig1
1090 2153 1098 2159 '
1131 2163 1200 2198 pro
1231 2151 1365 2198 affligi.
1476 2156 1497 2187 3
1525 2151 1672 2198 fratria]

136 2201 236 2238 Fest.
265 2201 375 2238 Paul.
402 2205 458 2245 90,
462 2204 493 2236 5.
508 2200 607 2236 Non.
634 2203 714 2246 557,
718 2204 750 2236 6.
833 2204 854 2236 5
879 2181 1054 2247 fratellis]
1081 2200 1305 2236 deminutiue
1330 2212 1354 2235 a
1378 2199 1551 2236 fracibus.
1572 2199 1673 2235 Fest.

139 2250 251 2286 Paul.
276 2253 393 2293 90,10.
428 2247 592 2293 Fratilli,
618 2247 702 2284 uiui
726 2247 868 2284 sordidi
892 2248 932 2284 in
955 2247 1106 2294 tapetis.
1205 2252 1226 2283 6
1252 2247 1418 2293 fiatores]
1439 2247 1538 2284 Fest.
1562 2247 1672 2282 Paul.

138 2301 195 2343 89,
199 2301 231 2333 7.
271 2296 417 2341 Flator,
455 2295 606 2332 tibicen.
650 2296 756 2342 qloss.
798 2296 860 2331 lat.
904 2307 960 2341 yr.
998 2295 1085 2332 Flat
1124 2295 1250 2339 flator,
1288 2295 1393 2342 φυσᾷ
1430 2291 1605 2340 αὐλητής.

139 2349 158 2381 7
184 2344 401 2391 flagratores
441 2343 539 2380 Fest.
564 2343 672 2380 Paul.
692 2347 737 2379 89
741 2347 785 2388 ,5
816 2343 1053 2390 Flagratores
1077 2343 1300 2380 dicebantur
1325 2354 1442 2389 genus
1468 2342 1674 2387 hominum,

138 2392 239 2438 quod
269 2403 392 2428 merce
420 2402 440 2427 e
471 2391 598 2438 flagris
630 2391 947 2436 caedebanturce).
1106 2396 1126 2427 8
1151 2390 1317 2437 fomitat]
1344 2391 1385 2426 id
1410 2393 1462 2426 est
1485 2371 1674 2426 securibue’

139 2441 283 2476 assulae
306 2440 452 2475 excidit.
477 2440 582 2485 qloss.
614 2439 678 2474 lat.
704 2449 763 2485 qr.
790 2438 938 2475 Fomito
963 2435 1146 2475 πελεκάω.
1190 2439 1236 2483 cf.
1270 2438 1368 2474 Fest.
1395 2438 1519 2474 Paul.
1555 2442 1671 2481 75,10.

138 2486 426 2532 Defomitatum,
469 2498 493 2523 a
526 2486 720 2523 fomitibus
757 2483 962 2531 succisum,
1003 2486 1141 2532 quibus
1176 2485 1367 2522 confoueri
1404 2488 1487 2522 erat
1524 2485 1675 2521 solitum

139 2534 304 2594 lignum.
328 2535 385 2571 De
408 2535 532 2571 idiom.
557 2545 637 2580 qen.
668 2545 782 2580 yram.
815 2535 877 2571 lat.
903 2534 955 2570 IV
990 2538 1059 2570 578
1062 2538 1130 2579 ,64.
1158 2534 1206 2570 K.
1234 2530 1438 2578 Ε’011113,τὸ
1466 2530 1675 2579 φρύγανον,

139 2595 182 2618 το
216 2581 418 2628 aelianum.
567 2586 605 2618 11
635 2582 851 2628 frati-arent]
879 2581 978 2618 Fest.
1009 2581 1120 2617 Paul.
1147 2586 1240 2625 91,1.
1278 2581 1452 2617 Fratrare
1476 2592 1676 2627 puerorum

140 2640 326 2666 mammae
351 2629 540 2676 dicuntur,
566 2641 682 2676 quum
705 2629 868 2676 primum
892 2631 1122 2674 tumescunt,
1157 2629 1256 2675 quod
1281 2629 1388 2665 uelut
1410 2628 1545 2664 fratres
1570 2639 1677 2674 pares

143 2678 324 2722 oriuntur,
350 2677 448 2723 quod
468 2677 583 2714 etiam
608 2678 647 2713 in
666 2677 852 2714 fi-um0nto
873 2677 978 2723 spica
995 2676 1118 2713 facere
1137 2642 1323 2713 dicuntur.
1348 2678 1395 2721 ef.
1416 2676 1515 2714 Fest.
1536 2680 1677 2720 297,31.

147 2730 190 2761 12
216 2724 415 2761 fabricium
434 2724 656 2772 compitum]
679 2725 779 2761 Fest.
802 2729 916 2770 174,6.
954 2724 1086 2761 Nouae
1107 2724 1231 2760 curiae
1250 2724 1442 2770 proximae
1463 2723 1677 2770 Compitum

142 2772 355 2808 Fabricium
380 2772 598 2809 aedificatae
623 2774 720 2818 sunt,
746 2773 846 2818 quod
866 2783 998 2818 parum
1018 2772 1166 2818 amplae
1187 2774 1294 2808 erant
1311 2774 1456 2808 ueteres
1476 2782 1500 2807 a
1518 2771 1677 2807 Romulo

142 2820 265 2856 factae
290 2823 352 2856 etc.
464 2823 509 2855 14
532 2819 719 2867 futauere]
746 2821 792 2864 cs.
818 2819 972 2856 Futauit
991 2831 1032 2865 Ρ.
1058 2823 1114 2856 44.
1228 2824 1270 2855 15
1296 2819 1440 2865 frugem
1466 2818 1606 2865 fecisti]
1632 2820 1677 2862 cf.

148 2868 275 2904 Plaut.
300 2867 412 2904 Pom.
431 2870 561 2912 4,2,79.
579 2868 686 2912 ylo-38.
706 2869 748 2902 in
766 2868 843 2904 cod.
866 2867 972 2903 Mon.
993 2871 1087 2903 6210
1106 2867 1159 2903 ed.
1186 2867 1357 2903 Thomas:
1385 2867 1525 2912 Fruges
1543 2865 1677 2910 fecisti,

143 2916 239 3000 {ene
264 2915 409 2999 gegsti.
580 2919 625 2951 16
650 2914 803 2961 facesse]
835 2914 935 2952 Fest.
974 2914 1083 2951 Paul.
1116 2918 1232 2960 86,18.
1266 2915 1364 2952 Nem.
1400 2916 1539 2959 306,26.
1573 2913 1677 2950 Seru.

183 2974 236 3000 en.
288 2991 296 3009 ‚
349 2990 356 2999 .
