1898 3294
741 182 910 226 .-43
979 207 1022 212 ,1

112 291 348 347 Fabrica,
379 291 553 335 artificii
586 290 821 334 subtilitas.

115 350 280 406 Falla,
314 350 470 405 [facili]
504 350 694 406 fallacia,
727 365 753 392 a
784 349 882 393 fuco
915 348 1041 392 dicta.

114 410 415 465 Nominum,
449 411 657 466 uesicam,
689 425 710 452 e
731 423 815 465 qua
834 408 1011 465 sanguis
1032 407 1292 451 ambulando
1314 407 1357 449 in
1380 407 1509 462 pedes
1542 406 1650 449 fluit.

114 469 402 514 Fabricora
432 470 711 526 prouerbium
744 469 788 511 in
820 483 917 523 eos,
948 468 1022 524 qui
1048 466 1298 510 domesticis
1332 466 1552 509 alimentis
1584 466 1650 509 usi

76 538 95 566 ⁶
174 530 273 574 aliis
293 530 556 574 laborarent.
594 528 760 572 dictum
792 528 847 570 ab
879 542 931 571 eo
964 526 1079 583 quod
1104 525 1371 581 Capitolium
1403 525 1651 569 aedificanti

174 588 411 647 Tarquinio
431 589 579 632 fabros
601 603 649 631 ac
677 589 913 631 structores
934 586 1053 629 corui
1073 600 1171 635 cum
1191 600 1267 628 suo
1287 585 1408 628 uictu
1427 585 1652 628 miserunt.

113 648 245 693 Fora
255 662 340 705 go,
371 651 476 692 nota
508 649 553 691 in
584 651 773 703 textura,
804 646 1055 703 significans
1088 645 1292 701 cuiusque
1323 644 1409 688 diei
1441 659 1562 700 opus.

113 707 337 752 Fauisae
383 723 583 764 specus,
632 708 775 751 fossae
825 706 1038 763 quaedam
1080 706 1126 748 in
1170 703 1410 760 Capitolio,
1454 719 1563 760 quae
1608 704 1651 746 in

63 821 67 826 ⁴
173 768 349 812 modum
393 768 678 811 cisternarum
722 769 901 810 cauatae
947 765 1222 821 excipiebant
1270 764 1397 807 dona·
1428 763 1564 819 Iouis,
1615 764 1651 806 si

62 837 97 863 ¹⁰
175 843 260 885 qua
291 830 465 871 uetusta
496 830 620 871 erant
651 827 876 871 hominum
908 841 932 869 e
962 826 1087 881 fruge
1118 823 1272 868 danda.

116 886 300 943 Poma,
332 902 461 944 quam
480 902 593 931 nunc
613 887 831 930 falliscum
851 885 1121 942 appellamus
1151 898 1266 927 nunc
1297 884 1495 926 cultrum.
1542 883 1652 926 alias

175 947 351 1003 securis,
383 962 468 1004 qua
498 947 723 1003 pontifices
758 947 802 991 in
834 945 967 992 sacris
999 946 1191 1001 utuntur,
1222 943 1339 988 dicta
1358 943 1412 986 ab
1445 958 1509 998 eo,
1541 943 1653 999 quod

176 1006 370 1050 ferienda
399 1010 535 1063 petat.

117 1065 441 1123 Formastro,
471 1082 600 1123 opere
632 1067 831 1124 pistorio.

65 1134 99 1161 1⁵
118 1125 370 1182 Formum,
403 1126 601 1170 calidum.

117 1185 370 1242 Friatum,
395 1187 672 1243 perfractum.

217 1380 233 1411 1
264 1376 422 1412 Fabrioa
447 1388 512 1413 nos
538 1377 751 1418 addidimus
871 1382 891 1413 2
918 1376 1025 1412 Falla
1050 1376 1151 1412 facili
1179 1376 1210 1412 G
1234 1376 1314 1412 Vat.
1344 1380 1453 1412 1552:
1486 1375 1658 1412 Fallacili

118 1423 170 1467 Η,
189 1423 293 1460 facili
313 1424 347 1460 G
369 1427 373 1468 Ι
396 1424 482 1461 suco
507 1424 558 1460 Gz
579 1425 686 1460 fanco
707 1424 753 1467 R,
774 1424 882 1460 faueo
910 1424 991 1461 Vat.
1010 1429 1100 1460 1552
1122 1424 1172 1467 H,
1192 1424 1303 1460 faneo
1325 1423 1356 1459 G
1451 1428 1471 1459 3
1492 1423 1658 1459 uesicam

117 1472 266 1517 scripsi:
293 1474 434 1508 uestem
460 1472 550 1516 HR,
576 1483 711 1509 uenam
739 1473 898 1508 Mueller
919 1473 924 1517 Ι
947 1484 967 1508 e
986 1473 1134 1518 scripsi:
1161 1472 1201 1507 in
1226 1472 1314 1507 libri
1410 1476 1432 1507 4
1459 1471 1659 1507 Fabricora

122 1519 284 1565 Papias:
315 1519 497 1556 Fabicora
527 1520 631 1564 Hva,
662 1519 846 1556 Fauicora
877 1520 943 1556 GR
974 1541 985 1549 ·
1082 1524 1103 1556 6
1129 1519 1338 1565 Tarquinos
1365 1519 1420 1564 01
1443 1518 1547 1555 corui
1581 1518 1658 1563 CR,

119 1566 222 1603 corni
251 1578 315 1611 va,
347 1568 496 1603 comuni
528 1568 573 1603 H
590 1570 595 1612 Ι
617 1567 794 1604 miserum
821 1567 852 1604 0
1001 1572 1020 1604 7
1047 1569 1193 1614 Forago
1219 1568 1310 1603 nota
1335 1567 1388 1603 G:
1420 1567 1660 1612 Faragonota

119 1614 372 1662 (Faragonata
397 1615 442 1661 C)
472 1615 533 1660 ΡΙ
555 1615 806 1661 cuiuscunque
833 1616 867 1652 G
889 1618 893 1659 Ι
916 1615 978 1652 dei
1005 1616 1043 1650 P
1155 1619 1176 1652 8
1203 1615 1354 1652 Fauises
1375 1614 1457 1659 CH,
1482 1614 1660 1650 Fauissae

119 1662 167 1707 R,
192 1662 330 1699 Fabisa
354 1666 387 1699 et
411 1663 531 1700 Fause
557 1663 590 1699 G
613 1666 618 1707 Ι
639 1674 770 1709 specus
796 1663 855 1699 H:
892 1664 1021 1710 pectus
1049 1663 1096 1708 G,
1123 1674 1278 1709 especus
1304 1666 1337 1699 et
1363 1673 1494 1708 specus
1521 1662 1565 1706 G,
1591 1673 1658 1698 om.

119 1709 157 1745 R
302 1715 346 1747 10
372 1722 395 1747 a
423 1710 531 1758 fruge
556 1712 645 1747 libri
791 1715 831 1747 11
859 1711 977 1747 Forca
1010 1711 1171 1757 Papias:
1209 1710 1327 1747 Forco
1361 1710 1433 1746 PG
1460 1713 1465 1754 1
1497 1710 1659 1746 cultrum

120 1768 203 1794 nos:
229 1757 351 1795 cultra
378 1758 424 1803 P,
451 1758 570 1795 culter
595 1759 629 1795 G
745 1763 788 1795 12
815 1758 992 1795 secularis
1021 1759 1058 1794 P
1167 1762 1211 1794 14
1236 1757 1392 1804 pistorio
1419 1758 1469 1794 G:
1501 1757 1661 1803 pistrino

119 1805 168 1851 R,
192 1806 352 1852 pristino
378 1805 422 1842 H
547 1811 588 1842 15
614 1806 790 1843 Formum
815 1806 916 1842 Rva:
941 1806 1118 1843 Fornium
1144 1806 1195 1851 Η,
1220 1806 1383 1842 Foruum
1402 1817 1432 1851 p
1461 1807 1467 1849 1
1496 1805 1660 1841 calidum

122 1853 268 1890 feruens
293 1853 328 1890 G
428 1859 469 1891 16
496 1853 663 1890 Friatum
688 1866 728 1891 a:
754 1854 946 1891 Fer-iatum
973 1854 1011 1890 P

220 1953 237 1985 1
264 1948 422 1996 fabrica]
448 1950 585 1986 dictum
610 1946 654 1986 ἀὲ
677 1950 842 1994 fallaciis
866 1921 1004 1986 Bacch.
1034 1953 1186 1995 2,3,132.
1213 1952 1277 1985 etc.
1375 1953 1396 1984 2
1422 1948 1530 1996 falla]
1558 1948 1658 1984 Non.

126 2000 263 2041 109,st
283 1996 428 2033 Fallam
447 2007 515 2043 pro
528 1996 729 2035 fallaciam.
805 2001 824 2034 3
845 1997 1052 2044 fleminum]
1072 1998 1120 2041 cf.
1140 1996 1289 2033 flemina
1308 2008 1366 2043 ap.
1391 1996 1520 2032 Plaut.
1541 1996 1659 2050 Epid.
1731 2002 1735 2006 '

123 2048 227 2088 5‚2‚5.
255 2044 354 2080 Fest.
378 2044 487 2081 Paul.
510 2047 602 2089 89,8.
629 2044 800 2081 Flemina
818 2044 1004 2088 dicuntur,
1030 2057 1145 2091 quum
1172 2056 1216 2080 ex
1243 2044 1371 2080 labore
1396 2043 1481 2080 uiae
1508 2055 1575 2080 san
1645 2057 1662 2079 s

124 2091 255 2129 defluit
279 2092 379 2128 circa
402 2092 510 2128 talos.
545 2092 663 2138 Caper
687 2093 778 2129 orth.
805 2097 958 2136 2243,ι.·
975 2092 1020 2128 Ρ.
1051 2092 1222 2128 Flemina
1245 2094 1351 2141 sunt,
1376 2091 1443 2128 ubi
1467 2091 1568 2128 abun
1645 2093 1662 2127 t

125 2150 234 2176 crura
258 2139 450 2186 sanguine.
495 2139 678 2186 plemina„
704 2151 789 2176 cum
812 2140 852 2176 in
876 2139 1050 2176 manibus
1074 2139 1137 2176 uel
1161 2139 1201 2175 in
1226 2139 1384 2186 pedibus
1410 2139 1543 2176 callosi
1567 2139 1660 2175 sulci

116 2187 221 2224 bunt.
265 2188 312 2232 cf.
342 2187 447 2223 Pliu.
473 2187 523 2224 N.
549 2188 600 2226 H.
627 2191 672 2224 23
699 2192 719 2232 5
743 2192 800 2224 27.
900 2192 919 2223 7
947 2187 1094 2235 forago]
1115 2187 1215 2223 Fest.
1238 2186 1349 2223 Paul.
1370 2191 1491 2230 90,12.
1517 2187 1664 2232 Forago

123 2235 240 2279 filum,
266 2246 341 2281 quo
367 2234 543 2272 textrices
568 2235 742 2272 diurnum
767 2247 860 2282 opus
884 2235 1132 2282 distinguunt,
1158 2247 1181 2271 a
1205 2234 1361 2271 rorando
1383 2234 1536 2270 dictum.
1554 2235 1661 2281 yloss.

125 2283 220 2319 Isid.
242 2283 399 2329 Fora-go,
424 2284 562 2319 trames
582 2282 721 2320 diuersi
740 2283 884 2320 coloris.
924 2284 1087 2319 Ioarmes
1111 2284 1155 2319 de
1180 2283 1327 2319 Ianua:
1352 2283 1499 2329 For-ago
1524 2293 1548 2318 a
1571 2282 1662 2319 foris

125 2329 263 2367 dicitur
286 2330 381 2366 illud
407 2330 510 2367 filum
535 2331 692 2367 alterius
724 2330 875 2376 coloris,
906 2331 1006 2377 quod
1030 2330 1165 2367 mulier
1190 2330 1299 2377 ponit
1322 2330 1361 2366 in
1387 2331 1512 2376 capite
1537 2329 1599 2366 uel
1624 2329 1662 2365 in

126 2378 199 2414 fine
223 2378 284 2415 uel
309 2378 348 2414 in
373 2378 491 2415 latere
515 2378 634 2425 telae,
659 2378 708 2415 ad
732 2377 1014 2415 distinctionem
1038 2378 1100 2414 uel
1126 2379 1387 2414 ornamentum
1411 2377 1637 2414 faciendum.

127 2430 149 2462 8
173 2425 331 2473 sauisae]
364 2425 463 2463 Fest.
500 2426 612 2463 Paul.
637 2430 729 2471 88,4.
774 2426 950 2462 Fauissae
981 2426 1106 2463 locum
1138 2425 1192 2462 sic
1223 2425 1488 2472 appellabant,
1519 2425 1558 2461 in
1589 2437 1665 2471 qua

127 2474 209 2509 erat
238 2484 337 2520 aqua
367 2474 511 2510 inclusa
541 2474 641 2510 circa
669 2474 824 2521 templa.
868 2475 955 2510 sunt
978 2475 1105 2510 autem
1130 2473 1196 2519 qui
1219 2474 1368 2519 putant,
1405 2473 1566 2509 fauissas
1585 2484 1664 2508 esse

128 2519 167 2556 in
192 2518 381 2567 Capitolio
395 2521 511 2558 'cellis
531 2521 774 2568 cisternisque
795 2521 952 2563 similes,
979 2521 1044 2558 ubi
1069 2520 1199 2567 reponi
1219 2522 1325 2557 erant
1349 2521 1462 2556 solita
1485 2531 1542 2566 ea,
1568 2531 1663 2566 quae

130 2567 168 2603 in
193 2568 337 2615 templo
362 2571 469 2607 erant
492 2569 594 2606 facta
618 2569 779 2607 inutilia.
801 2570 848 2614 cf.
875 2569 965 2605 Gell.
991 2573 1084 2615 2,10.
1110 2569 1208 2604 Non.
1239 2572 1377 2612 112‚27.
1476 2571 1517 2603 11
1546 2567 1663 2614 forca]

130 2615 270 2651 Charta
293 2627 381 2653 arm.
404 2620 495 2654 1368
515 2618 557 2653 in
576 2618 762 2654 tabulario
787 2616 826 2653 S.
860 2616 1018 2653 Victoris
1044 2617 1193 2653 Massil.
1213 2628 1272 2661 ap.
1295 2615 1497 2662 Gamyium:
1523 2615 1664 2652 Molen-

129 2662 259 2699 dinam
284 2674 368 2699 cum
393 2675 468 2700 una
490 2665 609 2701 Forca
632 2665 679 2701 de
703 2665 800 2701 ferro
824 2664 965 2702 ferrata
988 2668 1050 2701 etc.
1089 2666 1134 2708 cf.
1163 2664 1327 2708 Corssen,
1352 2663 1453 2699 Krit.
1473 2663 1669 2709 Beitraeqe

130 2722 198 2746 zwr
223 2711 245 2746 l.
272 2710 457 2747 Formenl.
485 2716 574 2749 1863
595 2724 636 2758 p.
663 2717 719 2750 42.
745 2716 778 2748 et
806 2716 884 2749 172.
993 2716 1038 2748 14
1063 2711 1278 2758 formastro]
1305 2711 1330 2747 i.
1356 2722 1386 2747 e.
1415 2710 1665 2747 ‘Backwerk'.

130 2759 235 2804 yloss.
264 2758 358 2795 leid.
385 2758 657 2805 Formatrum,
683 2772 776 2807 opus
800 2759 1010 2807 pistorium.
1151 2763 1195 2795 15
1221 2758 1399 2805 formum]
1426 2758 1525 2795 Fest.
1554 2758 1665 2795 Paul.

132 2810 226 2852 84,3.
258 2810 374 2851 91,13.
419 2807 581 2853 Inter-pr.
622 2807 723 2855 Vir-9.
754 2808 847 2844 Aen.
879 2811 997 2852 4,149.
1022 2807 1075 2843 ed.
1102 2807 1216 2843 Lion:
1249 2806 1348 2843 Nam
1373 2808 1412 2842 et
1436 2806 1666 2842 formonsum

132 2864 207 2890 non
236 2853 387 2890 aliunde
413 2853 590 2900 dicimus,
626 2866 739 2901 quam
770 2867 794 2892 a
824 2854 956 2891 calido.
989 2855 1150 2891 formum
1184 2853 1284 2890 enim
1314 2853 1490 2890 dicebant
1520 2852 1665 2898 anfiqui

133 2900 308 2986 ῗαὲιὲξω.
371 2901 474 2939 Seru.
518 2903 608 2939 Aen.
654 2906 770 2947 4,458.
822 2903 916 2939 Isid.
963 2905 1102 2948 10‚100.
1139 2905 1291 2947 20,13‚3.
1336 2901 1475 2937 Donat.
1516 2900 1666 2937 Phorm.

158 2978 168 2995 ,
194 2979 204 2996 ,
252 2976 262 2986 .
