1898 3294
23 147 42 205 00·

750 183 1042 226 ω63...

126 291 277 336 Locis
309 291 411 346 his,
444 304 570 347 quae
602 292 868 345 eruerant,
899 290 1144 346 repletis,
1181 289 1437 346 metaphora
1468 304 1494 332 a
1525 289 1666 344 fossis,

185 351 330 395 fossae
362 350 478 394 enim
510 350 600 393 crui
631 349 843 393 dicuntur.
892 350 1093 394 dicuntur
1124 353 1168 392 et
1199 350 1396 393 homines
1428 349 1538 405 erui,
1570 350 1607 392 si
1639 364 1663 392 a

186 410 466 454 multitudine
498 410 662 454 detenti
693 409 945 453 liberentur.

126 469 338 526 Lebeta,
369 469 475 525 olla,
507 469 678 525 generis
710 468 920 511 feminini.

89 541 106 568 ο
126 529 409 574 Lacessere
442 527 501 555 ³¹²*
519 527 774 584 metaphora
799 543 825 571 a
850 529 1030 571 canibus
1070 529 1140 571 uel
1173 544 1198 571 a
1230 520 1346 582 feris,
1378 543 1487 584 quae
1520 529 1664 571 solent

185 589 414 633 lacerando
428 602 674 644 prouocare.
707 588 887 631 uerbum
908 588 1230 643 couiugationis
1251 588 1407 630 tertiae
1427 592 1663 643 correptae.

126 648 361 692 Laniena
392 648 530 702 locus,
560 647 634 691 ubi
668 647 876 690 animalia
907 650 1171 702 mactantur,
1212 647 1352 690 dictus
1380 663 1405 690 a
1437 647 1666 690 laniatura.

125 707 491 763 LabirinthuS,
535 707 655 751 locus
703 708 748 750 in
794 706 923 750 Creta
966 707 1126 762 insula,
1177 707 1416 762 parietibus
1468 707 1663 749 obscuris

184 768 510 822 circumtextus,
542 782 670 823 quem
702 767 947 810 aedificauit
979 766 1196 810 Daedalus
1230 767 1400 809 artifex.

72 839 106 865 ιο
126 826 416 870 Lacunaria
454 829 575 882 sunt,
614 841 722 883 quae
760 841 974 870 cameram
1005 827 1244 882 subtegunt
1275 830 1319 869 et
1351 829 1520 881 ornant,
1553 841 1663 882 quae

185 890 231 930 et
263 886 518 943 ‘laquearia’
550 886 764 930 dicuntur.

125 945 471 1002 Loramentis,
502 946 792 1002 laquearibus.

124 1004 345 1049 Lacteus
378 1006 623 1061 circulus,
654 1006 744 1062 uia,
776 1020 885 1062 quae
912 1006 956 1048 in
982 1005 1169 1061 sphaera
1192 1005 1365 1048 uidetur
1391 1006 1514 1062 quasi
1547 1005 1665 1049 alba.

184 1080 311 1122 quem
344 1066 420 1108 alii
452 1066 600 1108 dicunt
619 1066 776 1109 animis
809 1065 989 1108 heroum
1021 1066 1298 1122 antiquorum
1329 1065 1537 1107 refertum
1570 1080 1663 1107 esse

73 1137 107 1162 1⁵
185 1128 230 1168 et
254 1125 410 1168 merito
436 1125 728 1181 resplendere,
760 1125 835 1168 alii
860 1139 962 1168 uero
989 1125 1105 1168 uiam
1138 1140 1251 1181 esse,
1283 1140 1369 1181 qua
1400 1125 1554 1167 circuit
1586 1125 1664 1179 sol,

185 1188 230 1228 et
259 1199 311 1228 ex
345 1184 587 1241 splendoris
619 1185 756 1241 ipsius
786 1186 976 1228 transitu
1007 1185 1072 1228 ita
1102 1185 1257 1228 lucere.

125 1244 430 1288 Ludibrium
462 1247 529 1287 est
567 1245 715 1301 aliqua
744 1259 832 1299 res,
871 1259 979 1301 quae
1019 1244 1120 1287 ludo
1159 1248 1203 1288 et
1241 1246 1492 1300 contemptu
1530 1244 1664 1300 digna

185 1307 264 1347 est.
312 1304 440 1347 modo
467 1304 599 1347 etiam
620 1303 839 1347 ‘ludibria'
860 1319 938 1360 pro
960 1305 1161 1347 omnibus
1187 1304 1441 1347 criminibus
1468 1304 1663 1347 dicimus.

126 1363 356 1407 Loculos.
405 1364 522 1407 locus
548 1364 705 1415 dicitur
730 1364 784 1407 ad
809 1364 971 1420 aliquid
995 1364 1241 1420 ponendum
1278 1364 1324 1406 in
1354 1366 1473 1406 terra
1508 1364 1663 1407 factus.

71 1435 106 1461 20
184 1423 295 1466 unde
331 1425 520 1467 tractum
557 1426 624 1467 est
659 1439 738 1480 per
773 1423 1132 1479 deminutionem,
1175 1427 1225 1466 ut
1260 1424 1428 1466 loculos
1467 1424 1660 1469 dicamus

184 1486 229 1526 et
259 1483 438 1526 locellos
471 1483 525 1526 ad
556 1486 701 1527 uestes
732 1484 802 1526 uel
834 1484 1060 1539 pecuniam
1092 1483 1430 1526 custodiendam.

125 1541 514 1599 Laestrigones,
555 1543 635 1586 feri
678 1544 888 1600 homines,
931 1546 980 1586 ut
1024 1542 1234 1600 Cyclopes
1282 1543 1416 1586 fuisse
1461 1543 1661 1586 dicuntur

184 1602 339 1646 Italiae
370 1603 514 1646 uicini.

221 1796 239 1827 1
267 1792 420 1838 repletis
445 1792 538 1828 locis
564 1804 659 1838 quae
685 1794 940 1829 uacuauerant
964 1792 1118 1839 repletis
1144 1792 1179 1828 G
1322 1797 1344 1828 2
1371 1792 1451 1828 erui
1477 1792 1529 1828 G=
1555 1792 1662 1828 berbi

127 1839 165 1884 C,
190 1839 329 1876 herbae
354 1839 432 1875 HR
453 1842 459 1885 Ι
481 1840 561 1876 erui
586 1840 637 1876 G:
661 1841 769 1877 herbi
795 1840 880 1886 GR,
906 1840 986 1876 erbi
1011 1841 1056 1875 H
1148 1844 1169 1875 3
1195 1840 1339 1876 detenti
1365 1840 1415 1876 G:
1441 1840 1547 1876 denti
1572 1840 1664 1884 HR,

124 1886 230 1924 danti
257 1886 289 1922 C
405 1892 426 1924 8
451 1887 692 1924 Labirinthus
721 1888 764 1924 C:
790 1888 1041 1925 Laberinthus
1067 1888 1117 1933 Η,
1143 1887 1366 1924 Laberintus
1392 1888 1426 1923 G
1458 1888 1541 1924 Vat.
1571 1892 1661 1923 1552

125 1946 171 1972 m.
197 1938 235 1972 2.
333 1939 354 1970 9
381 1935 647 1972 circumtextus
674 1935 755 1972 CR:
789 1936 1053 1972 circumtectus
1080 1936 1130 1980 Η,
1156 1935 1408 1972 circumtectis
1433 1946 1454 1970 v
1477 1935 1483 1982 Ι
1505 1935 1660 1971 Didalus

126 1981 158 2016 C
300 1987 342 2018 12
369 1983 602 2020 Loramentis
634 1983 684 2019 G:
717 1983 915 2020 Laurentis
947 1983 984 2026 G,
1018 1983 1217 2020 Lornentis
1250 1983 1301 2028 Η,
1337 1983 1529 2020 Lomentis
1553 1983 1591 2019 R

126 2034 170 2065 13
196 2030 356 2076 sphaera
381 2030 414 2065 G
441 2031 535 2067 Isid.
562 2032 584 2067 l.
611 2042 638 2067 c.
669 2031 828 2077 Papias:
854 2042 935 2067 sero
965 2031 1002 2075 Ρ
1098 2035 1140 2067 15
1166 2042 1255 2067 uero
1281 2031 1361 2067 Hv:
1387 2031 1498 2067 modo
1526 2031 1564 2076 C,
1591 2042 1656 2068 om.

126 2077 161 2112 R
182 2079 188 2123 1
210 2089 285 2123 qua
310 2077 341 2112 C
364 2079 477 2114 Isid..·
503 2089 615 2124 quam
641 2078 719 2114 HR
860 2084 902 2114 16
929 2079 967 2115 et
999 2090 1106 2116 orum
1131 2078 1325 2124 splendere
1351 2078 1560 2125 splendoris
1587 2078 1618 2113 C

127 2128 168 2160 17
196 2126 413 2171 contemptu
438 2128 598 2171 (contem
627 2126 696 2172 tui)
722 2126 852 2163 haberi
878 2126 912 2162 G
1021 2131 1064 2163 18
1090 2128 1128 2162 et
1153 2125 1230 2162 iam
1257 2125 1332 2162 GH
1433 2131 1473 2162 19
1501 2126 1662 2162 Loculos

124 2171 198 2227 Rff
225 2172 385 2208 Luculos
411 2173 468 2219 H,
500 2173 603 2210 Lucu
620 2186 661 2210 us
688 2173 719 2210 G
860 2178 906 2210 20
932 2174 1034 2210 locus
1063 2173 1135 2209 GH
1275 2178 1320 2210 23
1353 2185 1376 2210 a
1406 2174 1491 2210 loco
1529 2174 1661 2210 Italiac

124 2231 248 2256 uicino
273 2231 295 2256 v

219 2284 242 2315 4
266 2279 408 2327 lebeta]
437 2280 549 2317 Prob.
564 2281 734 2327 Append.
757 2285 872 2326 194,5.
892 2281 942 2316 K.
968 2280 1134 2320 Nomina
1151 2280 1298 2327 generis
1324 2280 1533 2327 masculini,
1565 2293 1661 2327 quae

124 2327 292 2363 ablatiuo
323 2339 412 2364 casu
446 2328 590 2365 numeri
620 2328 818 2375 singularis
849 2341 871 2365 a
901 2329 1031 2365 littera
1066 2327 1316 2365 terminantur
1353 2332 1392 2366 et
1427 2329 1662 2366 nominatiuo

125 2386 211 2411 casu
237 2375 382 2411 numeri
408 2375 606 2422 singularis
631 2388 654 2412 a
678 2376 807 2413 littera
825 2376 1069 2413 definiuntur:
1095 2376 1276 2423 Catilina,
1302 2376 1498 2422 Phaedria,
1523 2377 1663 2422 lebeta,

124 2422 303 2469 Agrippa.
329 2423 418 2460 ibid.
447 2428 561 2468 197‚7.
590 2472 597 2479 ·
707 2427 728 2459 5
754 2423 950 2481 lacessere]
977 2424 1075 2460 Non.
1103 2427 1243 2469 133,29.
1273 2425 1472 2461 Lacessere
1498 2424 1661 2471 positum

124 2480 443 2555 {3553032512‘2
481 2471 1127 2556 32:222*ng¹{n5n‘3653n01313ar13223350
1160 2472 1661 2567 efioe‘iac‘ssssss‘ssiff‘ssaffi

128 2568 254 2609 15,8‚6.
283 2570 431 2610 19,12‚1.
532 2571 575 2602 12
602 2567 833 2615 loramentis]
861 2568 922 2603 lib.
941 2568 1046 2613 91083.
1072 2567 1309 2604 Loramenta.
1334 2567 1486 2604 tabulae
1506 2568 1567 2603 uel
1586 2567 1662 2603 alia

125 2611 239 2658 ligna,
253 2623 348 2658 quae
366 2613 622 2651 immittuntur
639 2614 856 2661 parietibus,
876 2615 1086 2651 loramenta
1104 2614 1289 2651 dicuntur.
1313 2615 1390 2650 und
1410 2616 1449 2651 et
1468 2615 1662 2651 Salomon:

128 2659 397 2706 ‘Loramento’,
431 2660 569 2707 inquit,
604 2662 744 2708 ‘ligneo
778 2662 1050 2699 circumdatum
1081 2662 1366 2698 fundamentum
1396 2662 1556 2698 aedificii
1588 2674 1660 2698 non

125 2707 371 2744 dissoluitur'.
480 2713 523 2744 13
549 2709 692 2746 lacteus
722 2710 899 2758 circulus]
927 2711 1027 2746 Isid.
1059 2714 1188 2754 3,46,1.
1222 2710 1383 2747 Lacteus
1415 2709 1577 2746 circulus
1600 2710 1663 2746 uia

126 2755 199 2809 est,
232 2766 327 2810 quae
356 2755 396 2791 in
427 2756 584 2811 sphaera
613 2757 782 2802 uidetur,
815 2770 839 2794 a
863 2757 1023 2794 candore
1048 2758 1166 2802 dicta,
1200 2757 1290 2803 quia
1313 2758 1402 2794 alba
1433 2759 1501 2793 est.
1546 2769 1661 2803 quam

125 2802 246 2856 aliqui
270 2802 400 2839 dicunt
424 2814 526 2839 uiam
551 2816 640 2848 esse,
666 2816 741 2851 qua
759 2805 893 2842 circuit
910 2805 978 2850 sol,
1005 2807 1044 2840 et
1068 2816 1113 2841 ex
1132 2805 1339 2850 splendoris
1358 2805 1475 2851 ipsius
1501 2805 1661 2841 transitu

124 2850 182 2886 ita.
206 2850 338 2886 lucere.
365 2861 401 2887 u.
430 2850 540 2887 Ouid.
568 2852 659 2888 Met.
689 2857 803 2898 1,168.
832 2854 955 2889 Macr.
981 2852 1104 2888 Somn.
1139 2856 1265 2897 1‚15‚1.
1291 2853 1456 2889 lacteum
1482 2852 1661 2889 circulum

126 2896 331 2980 ιὶίιζὲυιίἳὺιιῧ
346 2897 521 2980 ἐίθῦἰιιιιῐι
547 2901 586 2935 et
610 2899 806 2936 beatorum
831 2901 940 2937 coetu
964 2899 1142 2936 refertum
1166 2904 1230 2936 etc.
1362 2904 1404 2936 19
1431 2900 1588 2948 loculos]
1616 2917 1661 2931 ==

154 2955 186 2980 ει
215 2972 222 2980 .
273 2950 307 2991 0,
335 2974 343 2990 ,
370 2972 379 2982 .
