1898 3294
789 144 1079 190 „33-

169 249 503 308 Scurrilitas,
535 252 653 295 iocus
685 252 928 309 improbus,
961 252 1087 308 quasi
1119 250 1255 295 ‘uelut
1286 266 1438 295 caecus
1470 251 1636 296 currit’.

168 309 407 367 Spurium
440 312 760 367 nummisma,
791 311 949 355 falsum
981 314 1025 355 et
1045 314 1294 367 corruptum
1327 314 1371 354 et
1401 310 1706 355 adulterinum.

168 368 433 428 Suppetit,
465 371 713 427 suppeditat
745 371 813 413 uel
845 373 1017 413 constat
1049 371 1118 413 uel
1151 370 1382 413 inuenitur.

167 428 426 473 Subnixus
471 433 538 473 est
586 430 823 474 instructus
869 430 1013 486 aliquo
1066 430 1242 473 auxilio.
1301 430 1407 473 item
1452 430 1708 474 subnixus

129 487 147 515 ⁶
227 489 428 538 suffultus
460 504 511 532 ex
543 489 660 532 omni
693 493 833 545 parte.

166 546 516 604 Supellectile
548 548 864 591 dicitur'omne
896 548 1235 591 instrumentum
1267 550 1312 604 et
1342 550 1520 591 ornatus
1541 547 1707 592 domus.

166 606 716 663 Sacrilegiumdicitur
747 608 862 650 sacri
896 607 1072 651 furtum.
1122 608 1298 663 legere
1341 608 1458 650 enim
1500 611 1544 650 et
1588 609 1706 651 sub-

223 666 402 722 legere
432 667 570 709 furari
602 666 772 710 dicitur.

165 723 343 782 Scylla
373 726 500 782 uirgo
525 727 638 782 pube
658 729 798 782 tenus,
828 725 997 782 reliqua
1028 741 1129 782 pars
1149 725 1329 769 inferior
1361 726 1505 769 cincta
1525 728 1705 770 canibus

113 786 146 811 ¹⁰
223 787 269 828 et
303 785 437 841 lupis,
475 800 584 842 quae
622 786 846 829 dicebatur
883 785 998 828 inter
1037 784 1232 828 Siciliam
1271 788 1315 828 et
1346 785 1524 829 Italiam
1557 788 1706 843 latere,

222 858 415 900 quaeque
458 859 591 888 naues
635 847 909 889 transeuntes
956 845 1003 887 in
1044 845 1176 888 litora
1219 845 1424 888 trahebat
1462 850 1506 888 et
1545 862 1596 889 ex
1634 847 1704 890 his

223 906 420 960 arreptos
443 903 642 948 homines
675 905 765 948 suis
797 905 979 948 canibus
1009 905 1206 961 lupisque
1238 905 1491 961 proiciebat.

652 1046 824 1091 Glossae
847 1061 926 1103 per
959 1048 999 1090 T
1026 1048 1218 1091 litteram.

162 1141 375 1197 Taedet,
401 1141 643 1184 taediosum
674 1142 743 1185 uel
776 1142 883 1185 satis
916 1142 1123 1186 odiosum.

111 1205 143 1230 ¹⁵
161 1200 380 1244 Trutina
420 1201 576 1244 dieitur
606 1201 915 1245 libramentum
945 1203 1015 1244 uel
1047 1203 1158 1245 unde
1190 1203 1479 1258 ponderamus
1511 1204 1701 1246 staterae

220 1260 404 1316 lancem,
435 1261 506 1304 uel
537 1275 718 1304 examen
747 1262 794 1304 id
821 1265 881 1304 est
910 1261 1045 1304 filum.

162 1318 331 1362 Theos
363 1320 467 1363 deus
501 1322 579 1362 est.
611 1320 794 1363 atheos
827 1320 985 1363 dicitur
1016 1322 1089 1377 qui
1121 1324 1241 1364 caret
1272 1322 1392 1377 deo.-

159 1379 456 1422 Teloneum.
500 1379 794 1422 ‘telonearius’
826 1380 980 1423 melius
1012 1395 1142 1436 quam
1174 1380 1494 1438 ‘teloniariusss

160 1437 445 1495 Temetum,
476 1439 637 1495 uinum,
668 1439 781 1495 quod
812 1443 999 1496 temptet
1029 1443 1195 1483 mentes
1228 1443 1273 1484 et
1303 1441 1435 1484 faciat
1466 1442 1670 1484 titubare.

105 1503 140 1528 2⁰
159 1497 378 1548 Tonsae,
410 1499 532 1547 remi.

153 1557 333 1617 Toris,
362 1559 582 1601 membris.

256 1750 272 1782 1
302 1746 411 1792 quasi
435 1746 554 1783 HRv:
580 1747 646 1793 qui
673 1746 711 1792 G,
737 1749 779 1784 ut
803 1749 862 1784 est
888 1747 1034 1794 Papias
1129 1752 1150 1783 2
1177 1748 1402 1785 nummisma
1429 1748 1473 1785 G:
1506 1749 1697 1796 baptisma

158 1806 187 1828 ω
285 1798 306 1830 3
335 1795 554 1876 suppeditat
582 1795 743 1841 Papias:
768 1796 988 1850 subpeditat
1009 1808 1044 1842 v,
1069 1798 1223 1842 superat
1251 1797 1288 1831 P
1388 1802 1408 1832 6
1435 1799 1697 1834 ornamentum

157 1840 192 1876 G
290 1845 309 1876 7
336 1842 375 1878 et
447 1857 456 1878 ε
481 1843 543 1878 uel
569 1843 604 1879 G
702 1848 744 1879 11
770 1854 880 1880 nauis
906 1843 944 1878 P
962 1845 968 1887 Ι
988 1843 1029 1885 in
1053 1844 1163 1880 litore
1187 1845 1364 1880 trahebat
1385 1844 1430 1889 P,
1456 1845 1634 1881 trahebat
1657 1845 1695 1881 in

156 1886 246 1924 litus
270 1888 305 1924 G
326 1889 331 1934 Ι
354 1889 411 1926 his
439 1889 490 1926 P:
517 1889 570 1926 eis
596 1890 630 1926 G
764 1895 809 1927 14
834 1891 896 1927 uel
920 1903 987 1928 om.
1016 1890 1048 1927 0
1143 1892 1479 1935 &dibi-amentum
1503 1893 1600 1929 unde
1627 1893 1661 1929 G
1690 1894 1694 1940 Ι

156 1936 318 1972 staterae
349 1938 498 1982 scripsi:
538 1939 718 1974 stateram
750 1939 795 1973 H
823 1938 904 1974 Vat.
935 1943 1037 1975 1552.
1062 1950 1129 1983 mr,
1162 1941 1300 1975 steram
1327 1938 1388 1983 00,
1421 1941 1564 1976 statera
1587 1940 1625 1976 R

160 1987 202 2019 16
216 1983 360 2019 lancem
374 1995 456 2020 nos:
476 1985 602 2020 lanam
618 1986 706 2021 libri
727 1988 732 2027 Ι
754 1986 815 2022 uel
829 1986 947 2022 HRv:
967 1989 1006 2022 et
1020 1986 1105 2023 G'mr
1126 1987 1131 2034 Ι
1154 1999 1310 2023 examen
1325 1987 1470 2023 GHmr:
1497 1990 1643 2024 stamen
1665 2000 1695 2032 ι’,

156 2030 411 2067 examinamus
444 2031 526 2068 Vat.
555 2036 646 2068 1552
668 2034 674 2078 Ι
694 2033 734 2068 id
760 2036 818 2070 est
841 2045 908 2069 nos
933 2035 1146 2070 addidimus
1256 2039 1298 2070 17
1325 2036 1421 2070 hanc
1444 2036 1603 2081 ylossam
1626 2047 1694 2072 οηι,

158 2078 247 2113 Μαι·
271 2078 394 2115 Theos
418 2079 476 2115 H:
503 2080 604 2116 Thos
631 2080 662 2116 G
680 2083 684 2124 Ι
707 2092 731 2116 a
753 2080 844 2117 theo
869 2081 920 2125 H,
945 2081 1037 2118 atho
1064 2081 1095 2116 C
1113 2084 1118 2124 Ι
1140 2082 1230 2127 quia
1254 2083 1299 2117 H
1395 2086 1438 2118 18
1463 2083 1694 2119 thelonarius

157 2126 290 2162 melius
316 2137 429 2171 quam
454 2127 689 2163 tholonarius
715 2128 750 2164 G
849 2133 891 2165 19
916 2131 1046 2165 teneat
1070 2130 1105 2165 G

251 2188 273 2220 8
299 2186 483 2233 suppetit]
515 2187 561 2230 cf.
595 2188 772 2233 suppetat
803 2199 863 2233 ap.
901 2187 1030 2224 Plaut.
1060 2189 1160 2226 Pers.
1187 2193 1292 2235 3‚1,3.
1466 2195 1508 2225 15
1534 2189 1694 2236 trutina]

162 2231 309 2267 Vitruu.
337 2237 428 2277 10,8.
584 2234 626 2269 Id
651 2236 776 2270 autem
802 2246 848 2270 ex
872 2236 1041 2282 trutinis,
1075 2247 1171 2282 quae
1198 2239 1359 2272 staterae
1385 2236 1577 2282 dicuntur,
1604 2237 1694 2273 lieet

154 2279 401 2322 considerare.
446 2280 537 2316 Cum
564 2281 663 2317 enim
688 2292 779 2318 ansa
801 2283 956 2329 propius
981 2285 1112 2330 caput,
1143 2284 1241 2319 unde
1266 2285 1418 2320 lancula
1442 2284 1601 2330 pendet,
1628 2285 1694 2320 ubi

154 2328 197 2362 ut
227 2328 395 2363 centrum
429 2331 487 2364 est
518 2328 719 2374 collocata,
757 2331 796 2366 et
825 2330 1116 2376 aequipondium
1151 2332 1189 2367 in
1223 2332 1382 2367 alteram
1417 2334 1563 2378 partem
1589 2333 1692 2378 scapi

153 2385 220 2420 per
253 2377 395 2420 puncta
429 2376 619 2422 uagando,
655 2387 729 2422 quo
760 2377 909 2423 longius
940 2380 1006 2414 aut
1030 2379 1145 2414 etiam
1172 2379 1219 2415 ad
1245 2381 1453 2415 extremum
1477 2380 1694 2425 perducitur

153 2421 282 2468 paulo,
309 2423 424 2458 etiam
450 2423 533 2469 pari
558 2423 720 2469 pondere
746 2425 1014 2470 amplissimam
1038 2426 1256 2472 pensionem
1282 2438 1410 2473 parem
1437 2426 1600 2472 perficit,
1627 2439 1693 2473 per

154 2469 258 2515 scapi
282 2469 521 2506 librationem
548 2474 586 2507 et
605 2471 919 2508 examinationem
940 2473 1089 2519 longius
1109 2485 1132 2510 a
1157 2478 1284 2510 centro
1309 2475 1554 2510 recedentem.
1596 2476 1690 2511 [sid.

155 2519 306 2562 16‚25,4.
333 2517 490 2555 Trutina
509 2519 567 2554 est
585 2519 746 2564 gemina,
773 2520 979 2566 ponderum
999 2521 1124 2557 lances
1148 2522 1299 2567 aequali
1319 2522 1488 2558 examine
1513 2523 1689 2567 pendens,

155 2563 257 2599 facta
286 2566 440 2610 propter
471 2565 617 2602 talenta
648 2569 686 2602 et
717 2568 932 2604 centenaria
963 2569 1210 2614 appendenda
1235 2597 1268 2605 ..
1284 2597 1292 2605 .
1319 2570 1448 2605 eadem
1475 2572 1514 2604 et
1538 2572 1689 2614 statera,

153 2622 288 2646 nomen
314 2622 359 2647 ex
378 2623 532 2649 numero
550 2613 707 2658 habens,
733 2615 834 2660 qnod
859 2615 1004 2651 duabus
1031 2616 1200 2652 lancibus
1225 2618 1265 2653 et
1289 2628 1363 2653 uno
1387 2617 1426 2652 in
1451 2617 1575 2652 medio
1602 2616 1690 2652 stilo

153 2657 290 2694 librata
314 2659 523 2704 aequaliter
547 2662 630 2698 stet>
664 2671 820 2698 examen
845 2666 902 2698 est
926 2663 1029 2699 filum
1049 2664 1232 2709 medium,
1258 2675 1332 2709 quo
1358 2664 1523 2700 trutinae
1549 2666 1690 2699 statera

153 2716 192 2740 re
223 2705 296 2741 'tur
320 2708 359 2742 et
382 2706 506 2743 lances
533 2710 752 2754 aequantur.
852 2714 895 2746 18
919 2711 1126 2757 teloneum]
1150 2711 1260 2748 Prob.
1279 2712 1449 2757 Append.
1473 2715 1612 2754 197,19.
1639 2712 1688 2747 K.

154 2753 206 2788 Te
224 2753 371 2798 onium,
402 2765 476 2790 non
506 2755 706 2792 teloneum.
755 2756 854 2792 Non.
885 2761 1003 2801 24,13.
1047 2758 1250 2794 Portitores
1282 2759 1456 2795 dicuntur
1481 2758 1689 2802 telonearii,

152 2799 217 2846 qui
242 2801 391 2846 portum
417 2801 630 2838 obsidentes
655 2803 782 2839 omnia
807 2803 1058 2849 sciscitantur,
1090 2807 1132 2841 ut
1157 2817 1203 2842 ex
1227 2817 1271 2842 eo
1297 2806 1461 2851 uectigal
1487 2806 1687 2851 accipiant.

154 2852 198 2883 19
223 2849 422 2895 temetum]
449 2849 547 2884 Fest.
568 2853 707 2893 364,30.
727 2851 826 2887 Non.
849 2854 915 2897 5,4.
942 2852 1079 2888 Donat.
1100 2853 1219 2889 Andr.
1244 2858 1346 2899 1‚4,2.
1468 2856 1514 2888 20
1539 2853 1687 2899 tonsae]

153 2896 257 2931 Seru.
282 2896 375 2931 Aen.
403 2900 495 2942 738.
522 2896 620 2932 Fest.
646 2901 787 2943 356,34.

1354 2960 1402 2994 (3⁸
