1898 3294
212 906 245 931 10

214 1202 246 1227 15

214 1499 248 1523 20

217 1795 250 1820 25

884 243 941 248 -,
1002 218 1059 260 36
1123 243 1178 249 -

745 322 914 365 Glossae
938 337 1015 377 per
1044 324 1090 366 E
1118 324 1308 366 litteram.

262 417 527 473 Elephans
564 418 674 459 nulli
713 418 889 460 dubium
928 420 994 460 est
1026 418 1139 474 quod
1170 433 1246 475 per
1277 434 1304 473 p
1337 421 1382 461 et
1411 418 1442 460 h
1474 419 1660 462 solidum
1691 420 1793 462 scri·

322 477 459 532 bitur,
492 478 594 533 quia
622 492 710 519 non
739 492 816 532 per
847 477 875 520 f.
920 477 1120 520 similiter
1153 481 1195 520 et
1227 478 1494 533 elephantus.

264 536 328 579 Et
359 551 449 591 pro
482 536 647 579 fratre
678 537 852 592 patior
884 536 1066 579 dicimus
1105 540 1149 579 et
1180 536 1374 592 ‘propter
1404 537 1613 592 fratrem',
1650 537 1723 580 sed
1756 537 1793 580 si

326 596 496 651 uolens,
527 610 605 651 pro
637 596 791 651 fratre,
824 596 862 638 si
892 596 1074 651 inuitus,
1104 597 1282 651 propter
1311 596 1502 653 fratrem.

263 655 481 710 Expers,
513 670 673 697 carens.
713 670 895 709 exspes
928 655 1018 697 sine
1040 670 1132 710 spe,
1164 658 1208 697 'et
1240 658 1306 698 est
1337 670 1507 698 nomen.
1545 658 1792 711 expertus

324 717 468 756 autem
499 714 777 768 participium
808 717 885 756 est.
935 728 1083 769 espes
1115 729 1217 756 uero
1251 715 1341 756 sine
1371 731 1399 756 x
1429 715 1541 757 nihil
1573 718 1651 758 est.

263 773 539 828 Expetiuit
570 773 732 815 dictum
751 788 829 828 pro
857 772 979 815 esatis
1006 773 1177 828 petiuit’
1201 776 1245 816 et
1265 773 1577 817 ‘inimicissime
1597 789 1646 817 ac
1666 774 1791 817 uehe-

324 835 490 874 menter
522 833 696 874 adnisus
729 831 822 874 est'.
872 847 923 874 ex
955 832 1069 874 enim
1099 847 1177 887 pro
1209 832 1335 875 ualde
1365 833 1552 887 ponitur.

264 891 405 947 Euge
439 891 690 933 aduerbium
723 891 940 933 laudantis
972 892 1040 933 uel
1072 892 1302 934 hortantis.

264 951 465 993 Erebus
496 966 572 1005 per
604 951 650 1005 b,
681 965 768 992 non
799 965 875 1005 per
905 966 944 992 u.
995 953 1061 992 est
1092 954 1236 993 autem
1268 951 1450 994 maritus
1471 951 1623 994 Noctis
1654 955 1795 1008 pater-

325 1025 406 1065 que
437 1009 666 1052 Furiarum
699 1012 743 1052 et
773 1010 913 1052 socius
947 1008 1102 1053 Chaos.

264 1069 433 1125 Eques
467 1071 533 1111 est
565 1069 638 1124 qui
671 1084 778 1124 equo
811 1069 941 1112 sedet.
991 1072 1232 1125 equester
1263 1070 1381 1112 locus
1413 1071 1482 1112 uel
1515 1070 1639 1124 ordo,
1676 1073 1726 1113 ut
1757 1070 1795 1112 si

325 1128 462 1170 dicas:
495 1128 585 1171 ‘ille
617 1128 756 1170 honor
795 1131 995 1184 equester
1033 1128 1127 1171 est'.
1177 1129 1282 1171 item
1321 1129 1499 1172 ‘militat
1530 1130 1575 1171 in
1606 1129 1795 1185 equestri

325 1187 450 1230 loco'.

265 1246 484 1289 Exultat
515 1247 670 1289 melius
703 1247 794 1289 sine
828 1262 847 1289 s
879 1247 1029 1289 littera
1060 1247 1254 1290 dicimus.
1302 1263 1402 1290 nam
1433 1263 1528 1290 cum
1560 1248 1655 1303 ipsa
1685 1264 1712 1290 x
1743 1263 1795 1290 ex

325 1321 347 1348 c
379 1309 422 1347 et
453 1322 472 1348 s
499 1309 686 1361 constet,
725 1306 958 1362 quomodo,
996 1321 1092 1348 cum
1129 1307 1175 1348 111
1206 1322 1256 1349 ea
1287 1307 1345 1349 sit
1375 1308 1463 1349 iam
1500 1323 1539 1362 s,
1577 1322 1723 1349 rursus
1755 1307 1796 1350 ei

326 1365 520 1408 addimus
554 1365 716 1407 aliam?

266 1425 671 1467 Excrementum
711 1425 822 1480 quod
860 1425 906 1466 in
936 1425 1081 1480 aliqua
1113 1440 1158 1467 re
1191 1440 1319 1480 super
1351 1425 1574 1480 excrescit,
1611 1428 1660 1468 ut
1690 1428 1796 1480 puta

326 1485 372 1526 in
410 1484 636 1526 arboribus
676 1499 726 1526 ea
764 1499 872 1539 quae
910 1487 1135 1539 putantur,
1174 1487 1443 1527 excrementa
1481 1485 1691 1527 dicuntur.
1747 1487 1796 1527 ut

326 1544 371 1585 in
402 1544 565 1585 uitibus
599 1546 642 1585 et
673 1544 717 1585 in
750 1557 945 1598 corpore,
983 1544 1020 1585 si
1053 1544 1154 1598 quid
1187 1545 1443 1598 exercuerit,
1476 1547 1793 1586 excrementum

326 1603 411 1645 dici
448 1606 604 1658 potest.
661 1603 1094 1644 Excreamentum
1133 1618 1254 1657 uero,
1300 1603 1412 1658 quod
1458 1603 1679 1658 expuimus
1723 1603 1794 1645 uel

327 1677 594 1717 excreamus,
639 1662 835 1704 habetur.
892 1662 998 1704 item
1043 1666 1334 1704 creamentum
1372 1663 1517 1717 uirile,
1558 1663 1669 1704 unde
1707 1663 1795 1704 ani-

327 1722 508 1763 malium
540 1725 584 1764 et
614 1722 838 1764 hominum
871 1736 1051 1776 corpora
1089 1722 1400 1777 concipiuntur.
1450 1721 1549 1764 hinc
1581 1725 1795 1764 creatores

329 1783 531 1836 parentes
564 1781 773 1823 dicuntur.

364 1974 384 2005 2
410 1969 623 2015 Elephantis
646 1968 677 2003 O
695 1969 700 2010 Ι
721 1979 788 2014 per
813 1979 879 2003 om.
900 1968 936 2003 R
958 1970 962 2012 Ι
986 1970 1024 2004 et
1041 1969 1067 2004 h
1087 1968 1206 2013 HRp:
1233 1970 1272 2004 et
1295 1980 1362 2014 per
1386 1969 1411 2004 h
1438 1968 1469 2004 Ο
1496 1970 1502 2014 Ι
1529 1969 1688 2005 solidum
1715 1969 1794 2005 C'G:

268 2017 338 2053 soli
374 2017 525 2052 solitum
559 2016 615 2058 H,
651 2015 802 2052 solitum
834 2015 870 2050 R
901 2016 906 2063 Ι
934 2016 1108 2052 scribitur
1140 2016 1226 2051 CH:
1262 2016 1445 2052 scribatur
1476 2017 1526 2060 G,
1552 2016 1664 2052 scribi
1689 2016 1726 2052 R

269 2069 289 2099 3
316 2064 406 2109 quia
424 2065 482 2099 bv:
510 2063 576 2109 qui
596 2063 635 2107 C,
655 2075 767 2109 quam
787 2063 862 2108 Ha,
882 2075 947 2099 om.
968 2063 1004 2098 R
1027 2064 1032 2108 Ι
1054 2075 1127 2099 11011
1145 2074 1213 2101 om.
1234 2063 1267 2098 G
1289 2065 1294 2108 1
1316 2063 1488 2099 similiter
1512 2065 1552 2100 et
1576 2064 1795 2110 elephantus

270 2112 320 2155 G,
347 2123 413 2147 om.
443 2112 479 2146 P
573 2115 593 2146 3
618 2111 670 2146 Et
688 2122 755 2157 pro
774 2111 889 2146 fratre
914 2110 1053 2157 patior]
1074 2111 1168 2146 hanc
1191 2112 1347 2156 ylossam
1374 2111 1462 2147 Mai
1479 2113 1606 2156 posuit
1629 2123 1657 2147 s.
1684 2112 1736 2148 lit.
1759 2111 1797 2146 P

272 2159 276 2206 Ι
304 2159 354 2194 Et
385 2159 434 2194 G:
473 2169 540 2194 om.
573 2158 627 2202 R,
660 2161 704 2193 ut
730 2158 804 2193 GH
825 2159 831 2203 Ι
859 2158 983 2204 patior
1014 2170 1085 2193 mr:
1118 2159 1243 2204 potior
1274 2159 1372 2204 Hva,
1403 2159 1528 2204 potius
1561 2159 1606 2204 Ο,
1630 2170 1698 2195 om.
1724 2158 1761 2194 R
1790 2158 1794 2206 Ι

269 2207 423 2242 fratrem
447 2206 539 2242 RG:
565 2205 699 2241 fratres
726 2206 800 2241 GH
891 2210 912 2241 6
937 2205 1078 2251 Expers
1105 2208 1142 2241 et
1167 2217 1290 2251 expes.
1334 2217 1462 2251 expers
1487 2217 1614 2242 carens
1638 2209 1699 2242 etc.
1727 2206 1761 2241 G

270 2258 288 2290 7
315 2255 430 2299 Espes
457 2253 500 2289 0:
526 2254 641 2299 Esper
666 2253 761 2299 HR,
789 2265 835 2289 es.
862 2264 945 2298 pers
971 2254 992 2288 b
1161 2257 1182 2289 8
1209 2253 1401 2299 Expetiuit
1426 2253 1477 2288 G:
1521 2253 1699 2299 Expiauit
1726 2253 1762 2288 P
1788 2252 1792 2300 Ι

270 2302 511 2336 uehementer
545 2301 581 2334 P
604 2301 716 2336 Isid.:
750 2300 1074 2336 uehementissime
1101 2300 1134 2335 G
1157 2301 1161 2345 Ι
1184 2311 1228 2336 ex
1244 2322 1287 2326 —
1303 2301 1455 2346 ponitur
1482 2301 1519 2335 P
1536 2301 1643 2345 Isia„
1668 2311 1734 2337 om.
1762 2301 1796 2336 G

320 2353 362 2384 12
390 2348 501 2384 cahos
527 2348 573 2382 H
698 2352 742 2383 16
769 2347 925 2383 dicimus
953 2348 1003 2383 P:
1030 2348 1203 2383 scribitur
1228 2348 1262 2383 G
1395 2352 1437 2384 17
1465 2347 1514 2383 sit
1536 2347 1613 2383 iam
1637 2360 1654 2384 s
1679 2348 1717 2383 b:
1744 2347 1797 2383 sic

268 2396 345 2431 iam
371 2396 424 2440 H,
449 2396 499 2431 sit
522 2395 598 2431 iam
622 2406 715 2440 vam,
741 2394 818 2430 iam
843 2395 892 2430 sit
916 2407 932 2430 s
952 2395 988 2429 R
1086 2399 1130 2431 18
1156 2395 1336 2431 adicimus
1355 2395 1389 2430 G
1486 2399 1529 2430 19
1555 2395 1798 2441 supercrescit

272 2443 306 2479 G
390 2447 434 2478 22
455 2443 764 2478 Excreamentum
785 2442 867 2478 CR:
895 2442 1181 2478 Excrementum
1200 2443 1276 2478 HG
1303 2445 1308 2488 Ι
1338 2442 1532 2488 expuimus
1552 2442 1601 2477 G:
1629 2442 1796 2488 spuimus

273 2491 311 2525 P
429 2494 471 2525 23
505 2491 756 2526 creamentum
789 2490 832 2525 0:
871 2492 1118 2525 scrementum
1150 2490 1208 2536 H,
1246 2491 1451 2526 sementum
1477 2489 1530 2534 R,
1569 2492 1796 2526 crementum

272 2539 367 2573 Isid.
395 2541 498 2583 9,5‚5..
524 2539 727 2573 sementem
753 2537 787 2573 G
808 2539 813 2583 1
834 2536 982 2572 uirilem
1008 2537 1042 2573 G

367 2637 387 2668 2
413 2632 604 2678 elephans]
626 2633 768 2677 passim
787 2643 846 2677 ap.
869 2632 1046 2667 Plautum
1141 2636 1162 2668 8
1188 2631 1385 2678 expetiuit]
1409 2631 1533 2668 Plaut.
1555 2632 1667 2668 Most.
1693 2635 1797 2677 4‚1,4.

272 2683 334 2716 ete.
356 2680 450 2715 Isia.
471 2680 520 2716 D.
548 2679 588 2715 V.
610 2683 692 2717 443.
725 2679 909 2725 expetiuit
933 2680 1110 2725 (ponitur)
1135 2691 1202 2725 pro
1222 2679 1311 2715 satis
1331 2678 1468 2724 petiuit
1486 2681 1525 2714 et
1542 2678 1797 2714 inimicissime

273 2738 316 2763 ac
340 2727 583 2763 uehementer
607 2727 757 2763 adnisus
784 2728 851 2762 est.
895 2738 940 2762 ex
966 2726 1064 2762 enim
1089 2738 1155 2772 pro
1182 2727 1292 2762 ualde
1316 2726 1476 2771 ponitur.
1617 2730 1661 2761 10
1685 2726 1794 2771 euge]

275 2775 401 2811 Plaut.
432 2775 536 2810 Trin.
563 2778 691 2820 3,2,79.
717 2778 779 2811 etc.
879 2778 921 2809 13
949 2775 1076 2820 eques]
1103 2791 1149 2803 =
1175 2775 1269 2809 Isid.
1295 2773 1344 2809 D.
1379 2774 1420 2810 V.
1449 2777 1525 2809 195.
1551 2774 1601 2810 id.
1628 2777 1756 2818 9‚3,35.

274 2827 318 2858 16
345 2822 504 2868 exultat]
533 2839 577 2851 =
604 2822 698 2857 Isid.
733 2825 859 2865 1‚27‚5.
890 2822 982 2857 Bed.
1013 2822 1057 2857 de
1089 2822 1180 2857 orth.
1213 2825 1375 2866 2234‚15.
1414 2821 1457 2857 P.
1604 2824 1647 2855 19
1673 2831 1794 2856 exere-

273 2870 457 2915 mentum]
497 2870 566 2903 0P
582 2881 623 2914 p.
653 2873 730 2905 193.
781 2867 1065 2905 Excrementum
1098 2869 1196 2914 quod
1228 2868 1486 2914 supercrescit,
1524 2867 1620 2903 sicut
1643 2879 1796 2913 ungues.

273 2917 363 2952 ibid.
391 2929 432 2962 p.
468 2921 547 2953 201.
599 2917 925 2962 Excreamentum,
959 2917 1119 2962 sputum.
1173 2918 1218 2960 ef.
1257 2917 1307 2952 ad
1345 2926 1423 2951 noc.
1475 2916 1728 2951 creamentum
1763 2918 1797 2952 et

274 2966 459 3000 creatores
485 2965 580 3000 Isid.
606 2967 710 3010 9‚5‚5.
739 2968 911 3009 11,1,15.7
