1898 3294
727 202 783 208 —
847 189 944 220 xvn
1010 201 1063 207 —-

129 284 498 341 ‘Crepusculum
528 286 835 328 matutinum
866 286 974 328 inter
998 284 1227 327 abscessum
1257 284 1388 327 noctis
1416 286 1455 326 ct
1483 283 1566 326 diei
1595 283 1669 325 ad-

126 355 326 413 uentum’,
355 356 601 400 Isidoriana
630 356 937 412 interpretatio
969 355 1147 399 diluculi
1186 354 1323 410 ‘quasi
1352 356 1440 398 iam
1470 354 1671 410 incipiens

121 443 265 487 panta
293 430 376 474 diei
394 429 479 471 lux.
514 428 612 471 haec
629 430 668 470 et
691 442 860 483 aurora,
890 441 996 482 quae
1024 428 1148 470 solem
1170 425 1408 482 praecedit’,
1440 426 1671 482 aptissima

127 500 312 555 uidetur,
343 514 441 543 cum
461 500 519 542 sit
538 499 790 555 crepusculo
810 498 1071 555 postposita,
1103 498 1325 540 uidebitur
1346 500 1492 540 autem
1511 498 1671 553 inepta,

129 572 169 616 si
198 586 316 627 eam,
354 570 468 627 quod
506 570 671 613 Placidi
713 570 984 613 enumeratio
1018 570 1232 626 postulat,
1263 568 1518 625 crepusculo
1551 583 1672 624 prae-

129 642 297 686 mittas.

249 712 361 757 Item
393 713 721 770 explanationes
753 719 955 758 mensium
975 729 1008 757 s.
1027 729 1068 756 u.
1101 712 1356 757 ‘ianuarias'
1388 712 1442 756 ad
1474 711 1672 755 Suetonii

129 785 436 829 auctoritatem
462 785 712 828 referendae
738 787 850 828 sunt.
893 800 996 829 nam
1027 786 1216 842 primum
1238 784 1502 828 Censorinus
1536 798 1570 826 c.
1591 784 1673 838 22„

131 855 308 901 Seruius
347 855 506 912 Georg.
549 858 584 912 1,
615 857 704 912 43.,
745 856 995 900 Macrobius
1029 855 1119 900 Sat.
1154 858 1190 912 1,
1220 858 1287 911 11,
1307 856 1347 899 5.
1367 850 1443 911 sq.,
1476 854 1673 898 Suetonii

129 927 403 984 potissimum
445 927 772 984 compilatores,
815 929 944 971 rebus
989 928 1079 971 fere
1123 943 1303 984 prorsus
1354 942 1450 970 cum
1495 924 1673 969 Placido

130 999 420 1042 consentiunt.
464 1001 559 1042 tum
591 1014 701 1055 quae
721 999 935 1055 Isidorus,
967 998 1166 1043 Suetonii
1199 1002 1244 1042 et
1275 999 1368 1054 ipse
1401 998 1675 1053 compilator,

130 1069 183 1113 de
213 1070 433 1113 februario
466 1071 582 1113 maio
614 1071 734 1114 iunio
765 1071 911 1127 tradit,
942 1086 1078 1127 paene
1106 1070 1261 1113 iisdem
1291 1070 1438 1113 uerbis
1471 1084 1676 1126 expressa

131 1142 246 1198 apud
276 1140 501 1185 Placidum
544 1137 773 1198 leguntur.'
814 1142 927 1199 quod
961 1145 1108 1187 autem
1139 1142 1365 1198 episcopus
1397 1141 1674 1198 Hispalensis

131 1212 179 1256 in
202 1213 312 1269 orig.
333 1213 374 1268 5,
393 1213 463 1269 33,
482 1214 522 1256 4.
554 1213 739 1256 addidit:
772 1213 855 1257 ‘cui
873 1227 916 1258 eo
947 1227 1086 1257 mense
1114 1212 1465 1268 sacrificabatur'‚
1498 1215 1542 1256 et
1572 1212 1675 1255 ibid.

132 1283 172 1339 5,
191 1285 262 1340 33,
281 1284 322 1327 9.
355 1283 466 1327 ‘ante
495 1285 606 1327 em‘m
627 1286 812 1340 populus
842 1286 889 1328 in
919 1286 1127 1329 centurias
1155 1285 1366 1328 seniorum
1395 1287 1435 1327 et
1461 1284 1676 1327 iuniorum

131 1356 294 1399 diuisus
329 1355 447 1411 erat’,
492 1356 694 1415 quodque
734 1357 848 1412 apud
879 1356 1093 1400 Seruium
1144 1355 1300 1412 Georg.
1342 1357 1380 1411 1,
1409 1355 1481 1398 43.
1526 1354 1676 1397 eadem

133 1427 298 1483 scripta
335 1430 455 1482 sunt,
497 1427 656 1470 dixerit
693 1428 872 1484 aliquis,
915 1428 1134 1471 Isidorum
1165 1428 1326 1483 glossis
1357 1426 1525 1469 Placidi
1555 1440 1676 1468 more

134 1513 212 1542 suo
243 1498 324 1542 hos
357 1499 482 1555 quasi
512 1513 680 1554 pannos
713 1514 736 1541 e
769 1498 921 1542 Seruio
964 1499 1168 1542 assuisse.
1219 1502 1265 1542 at
1295 1499 1511 1541 Isidorum
1543 1497 1677 1540 uerba

133 1585 160 1613 a
178 1569 382 1613 Luctatio
403 1570 633 1613 breuiandi
652 1570 796 1613 studio
816 1571 1129 1627 praetermissa
1149 1571 1416 1614 extrinsecus
1429 1569 1676 1612 adiunxisse

132 1641 295 1684 idcirco
330 1655 506 1697 negem,
545 1642 659 1697 quod
695 1642 957 1685 necessitate
998 1643 1183 1698 quadam
1214 1642 1430 1698 postulari
1461 1641 1677 1684 uidentur.

135 1727 187 1755 ex
212 1712 275 1755 eis
295 1715 454 1768 autem,
486 1727 596 1769 quae
617 1712 793 1756 Seruius
826 1716 870 1755 et
894 1712 1087 1756 Isidorus
1120 1713 1172 1756 de
1203 1713 1364 1756 martio
1399 1713 1677 1768 scripserunt,

134 1783 379 1839 colligitur,
422 1784 638 1827 Isidorum
683 1785 730 1827 in
767 1785 982 1827 mensium
1021 1785 1296 1828 enarratione
1336 1799 1357 1827 e
1398 1783 1550 1827 Seruio
1589 1799 1678 1827 non

134 1855 405 1911 pependisse.
453 1855 525 1898 hic
557 1856 671 1898 enim
698 1856 824 1899 dicit:
857 1855 1067 1899 ‘Nouum
1095 1870 1184 1899 uer
1213 1857 1302 1899 ideo
1331 1857 1411 1912 ait,
1442 1857 1543 1910 quia
1573 1857 1679 1898 anni

133 1926 304 1968 initium
340 1928 492 1970 mensis
528 1931 589 1971 est
623 1927 830 1982 martius',
876 1928 952 1970 ille
991 1919 1161 1970 autem:
1201 1927 1334 1970 ‘Idem
1371 1928 1606 1982 appellatur
1642 1931 1680 1970 et

133 1998 318 2040 mensis
346 2011 602 2054 nouorum,
632 2001 735 2054 quia
753 2000 860 2042 anni
877 2000 1048 2042 mitium
1067 2000 1220 2042 mensis
1250 2002 1308 2042 est
1337 2000 1527 2042 martius.
1571 1999 1679 2042 idem

134 2071 173 2110 et
201 2081 382 2111 nouum
411 2083 501 2112 uer
530 2070 582 2112 ab
611 2071 781 2113 indiciis
809 2071 963 2114 scilicet
986 2072 1246 2126 'firminum
1282 2072 1383 2125 quia
1418 2071 1466 2113 in
1497 2085 1540 2113 eo
1571 2071 1678 2113 uiri-

134 2140 330 2183 dcmbibus
364 2140 569 2193 fructfflms
605 2141 727 2184 nouis
764 2145 1070 2186 transactorum
1101 2142 1306 2196 probatur
1336 2141 1529 2185 occasus'.
1581 2142 1677 2198 quis

136 2213 204 2254 est
235 2211 339 2267 quin
371 2211 536 2267 uideat,
567 2214 797 2268 utmque
828 2213 936 2256 haec
969 2229 1019 2256 ex
1053 2214 1204 2256 eodem
1233 2213 1355 2255 fonte
1388 2216 1431 2255 et
1461 2213 1678 2256 Isidorum

136 2281 308 2337 quidem
339 2282 532 2337 pleniore
563 2282 723 2326 haustu
749 2284 926 2341 bibisse,
957 2285 1000 2327 id
1027 2288 1094 2327 est
1114 2300 1164 2327 ex
1186 2283 1302 2327 Suet.
1323 2284 1440 2327 Prat.
1461 2285 1536 2327 lib.
1559 2284 1678 2340 VIII,

45 2404 56 2407 -
136 2353 211 2395 ubi
243 2353 294 2395 de
326 2368 438 2396 anno
471 2369 651 2397 romano
683 2356 897 2410 agebatur
927 2353 986 2412 (u.
1018 2355 1270 2398 Reiffersch.
1301 2371 1342 2411 p.
1373 2356 1473 2398 432.
1499 2356 1676 2399 Becker.

137 2424 269 2479 praef.
300 2440 341 2480 p.
372 2423 542 2483 XXII.).
574 2441 625 2469 ex
658 2427 808 2469 eodem
841 2431 1015 2470 auctore
1047 2427 1252 2470 Placidus
1285 2442 1363 2469 sua
1394 2427 1676 2483 deprompsit,

139 2494 193 2536 ab
213 2495 302 2537 illis
322 2510 409 2538 non
428 2497 692 2553 discrepanS,
723 2499 809 2541 nisi
842 2498 955 2555 quod
986 2513 1055 2541 res
1087 2499 1133 2541 in
1165 2499 1328 2541 arctius
1361 2499 1591 2542 contraxit.
1629 2500 1675 2542 in

139 2563 335 2610 ianuario
355 2567 636 2612 describendo
662 2570 737 2611 ille
770 2570 943 2626 quidem
976 2571 1030 2613 ab
1051 2569 1219 2612 Isidoro
1252 2569 1291 2625 5,
1316 2570 1386 2625 33,
1418 2571 1457 2612 3.
1506 2570 1675 2613 diuersa

139 2635 286 2691 tradit,
318 2638 392 2680 sed
422 2639 469 2681 in
500 2640 655 2682 c‘eteris
689 2641 924 2696 mensibus,
956 2655 1063 2697 quos
1096 2641 1271 2683 breuius
1305 2642 1552 2697 explicauit,
1578 2658 1674 2685 cum

140 2721 190 2748 eo
224 2709 439 2763 congruit.

259 2778 431 2821 Pariter
444 2780 491 2822 in
503 2781 792 2838 descriptione
805 2787 972 2826 senatus
982 2783 1210 2827 Luctatius
1227 2783 1482 2827 Suetonium
1503 2788 1674 2828 secutus

140 2863 234 2892 esse
266 2850 449 2892 uidetur.
498 2851 545 2892 in
576 2851 803 2907 glossariis
835 2854 1007 2910 quidem
1038 2854 1146 2898 haec
1164 2854 1331 2898 Placidi
1363 2856 1513 2910 glossa
1543 2856 1675 2908 deest,

141 2920 215 2962 sed
252 2919 415 2964 habent
453 2922 616 2977 locum,
652 2923 721 2965 cui
757 2924 804 2966 in
841 2925 986 2968 codice
1017 2925 1286 2968 Vercellensi
1326 2941 1484 2969 nomen
1516 2925 1674 2970 Isidori

212 2999 342 3025 Luctatii
362 3000 476 3027 Placidi
495 3002 680 3032 gramm-tici
700 3002 825 3034 glossae.
1364 2996 1387 3031 b
