1898 3294
169 930 201 955 10

168 1224 200 1249 15

845 143 1131 204 „84—

221 266 628 322 Tempestiuum,
660 269 964 321 opportunum.

221 326 434 381 Turget,
465 327 624 381 tumet,
650 325 875 380 irascitur,
906 324 1093 367 inflatur.

221 384 373 440 Trux,
404 399 571 427 saeuus.

220 443 444 499 †Tabes,
476 458 619 498 cruor,
650 443 838 498 sanguis.

221 503 375 558 Tabe,
424 503 594 558 morbo,
620 555 623 558 Α
643 502 798 557 macie,
854 502 1137 557 aegritudine.
1198 503 1432 555 ,tabescunt
1486 504 1617 559 enim,
1675 505 1747 560 qui

279 562 414 604 nimio
446 562 654 616 languore
687 560 740 603 ad
771 561 953 603 maciem
985 562 1175 604 ueniunt.

220 621 388 663 Tenax
420 624 487 663 est
518 620 632 662 inter
664 635 842 662 auarum
874 623 918 663 et
949 620 1087 662 medie
1119 623 1384 675 erogantem.

702 761 872 805 Glossae
894 777 973 817 per
1013 763 1053 805 V
1078 763 1267 805 litteram.

221 855 462 898 Vernalis
513 857 713 899 fructus
770 856 911 912 magis
963 872 1091 912 quam
1147 856 1356 899 ‘uernilis'
1406 857 1747 901 consideratione

281 915 463 957 aliarum
507 931 557 958 ex
594 916 862 970 temporibus
901 915 1216 958 deriuationum
1258 916 1397 958 dicere
1441 915 1657 972 debemus,
1699 919 1748 959 ut

280 975 564 1029 autumnalis,
595 975 813 1029 hiemalis,
845 975 1080 1017 aestiualis.

219 1033 370 1075 Vltro
409 1034 663 1089 citroque,
700 1034 784 1075 huc
816 1038 944 1089 atque
976 1034 1089 1076 illuc.
1134 1035 1242 1076 citro
1275 1034 1329 1076 ad
1358 1049 1457 1089 nos,
1487 1035 1602 1077 ultro
1634 1035 1747 1077 illue.

221 1092 587 1147 Virgultorum
624 1093 668 1135 id
706 1095 774 1135 est
810 1093 1031 1148 uirgarum
1068 1093 1137 1135 uel
1175 1093 1514 1135 humillimarum
1546 1094 1747 1136 arborum

281 1164 450 1206 genera.

220 1209 473 1266 Vernilis,
521 1210 726 1253 subdolus
776 1213 821 1253 et
868 1211 1006 1253 malus
1057 1213 1101 1253 et
1151 1211 1335 1253 seruilis.
1403 1210 1512 1253 unde
1561 1226 1747 1254 uernae

280 1270 480 1312 dicuntur
522 1270 654 1325 serui,
697 1270 770 1324 qui
813 1270 930 1312 domi
972 1272 1218 1313 nascuntur.
1273 1270 1501 1312 uernalis
1539 1273 1684 1312 autem
1722 1285 1747 1312 a

281 1343 412 1371 uerno
443 1331 638 1385 tempore
670 1330 821 1371 dictus.

318 1522 334 1552 1
364 1517 645 1562 Tempestiuum
677 1518 727 1553 G:
763 1518 1001 1563 Tempestum
1036 1518 1096 1560 ΡΙ
1119 1529 1142 1553 a
1171 1519 1339 1563 tempore
1364 1517 1505 1554 dictum
1532 1517 1615 1553 add.
1642 1516 1677 1552 G

220 1570 240 1599 3
267 1575 396 1600 sceuus
425 1564 455 1600 G
579 1569 602 1599 4
626 1576 733 1600 cruor
758 1565 791 1600 G
817 1569 849 1600 et
873 1566 978 1610 9.Ioss
1006 1566 1119 1601 Isida
1144 1565 1254 1601 arbor
1280 1565 1325 1610 Ο,
1351 1565 1460 1600 orbor
1484 1565 1520 1599 R
1545 1574 1671 1610 maryo
1695 1564 1747 1607 H,

219 1612 331 1647 rubor
357 1612 400 1647 H
418 1613 422 1656 Ι
445 1611 595 1657 sanguis
624 1612 693 1647 PG
717 1613 822 1657 yloss.
850 1613 966 1648 Isida
1004 1612 1194 1658 sanguinis
1219 1613 1308 1658 HR,
1340 1623 1468 1648 cruore
1499 1611 1689 1657 sanguinis
1713 1592 1748 1646 G

221 1660 295 1694 alio
320 1660 406 1694 loco.
431 1660 515 1703 fort.
544 1659 665 1704 Tabo,
690 1671 836 1703 eruore,
861 1660 1053 1705 sanguine.
1150 1665 1170 1695 6
1198 1662 1263 1694 aut
1288 1659 1406 1695 macie
1435 1659 1494 1701 ΡΙ
1519 1659 1695 1695 eueniunt
1721 1658 1752 1694 0

221 1711 240 1741 7
267 1707 485 1752 erogantem
511 1706 567 1741 Η.
593 1708 827 1752 arrogantem
853 1707 890 1742 R
914 1718 1040 1752 maryo
1065 1707 1111 1742 H
1212 1711 1233 1742 9
1260 1707 1428 1742 Vernalis
1454 1706 1504 1742 G:
1530 1706 1682 1742 Venalis
1708 1705 1747 1751 0,

219 1754 388 1789 Venialis
424 1754 481 1798 H,
524 1754 702 1789 Vernales
736 1754 773 1789 R
800 1756 804 1799 Ι
833 1753 986 1789 uernilis
1024 1754 1077 1789 G:
1115 1754 1276 1790 uernalis
1315 1754 1399 1798 GH,
1437 1753 1606 1789 uernales
1641 1753 1677 1787 R

222 1805 265 1836 12
291 1801 400 1836 Vltra,
426 1801 594 1846 citraque
619 1813 639 1836 v
764 1806 807 1836 15
833 1801 996 1837 Vernilis
1022 1802 1076 1837 G:
1102 1802 1286 1837 Vernulus
1314 1801 1375 1846 ΡΙ
1397 1801 1517 1836 malus
1541 1800 1685 1836 seruilis
1713 1799 1752 1834 P

223 1853 265 1884 16
291 1850 418 1884 autem
444 1849 494 1883 G:
520 1859 586 1884 om.
615 1849 653 1882 P
797 1852 838 1884 17
865 1848 986 1884 dictus
1012 1848 1056 1885 0:
1089 1847 1226 1884 dicitur
1250 1862 1289 1884 ω.
1315 1849 1534 1893 subscriptio
1559 1849 1601 1883 in
1627 1847 1659 1883 0
1679 1851 1747 1883 est:

223 1895 375 1931 Finiunt
398 1896 543 1941 glossae
567 1896 673 1931 Luct.
701 1896 799 1931 Plac.
827 1896 1072 1941 grammatici.

315 1982 336 2013 2
361 1978 501 2023 turget]
525 1978 652 2013 Plaut.
675 1978 754 2014 Cas.
781 1983 815 2021 2,
817 1982 849 2022 5,
854 1982 909 2013 1⁷.
936 1978 1048 2013 Most.
1069 1982 1101 2021 3,
1105 1982 1137 2020 2,
1142 1982 1197 2013 10.
1294 1982 1315 2012 3
1341 1978 1442 2024 trux]
1465 1978 1592 2013 Plaut.
1612 1977 1747 2012 Bacch.

220 2029 349 2070 5,2,29.
375 2026 498 2061 truces
617 2030 640 2060 4
664 2026 787 2072 tabes]
804 2006 919 2061 S’eru.
945 2026 1038 2060 Aen.
1065 2030 1085 2060 3
1090 2029 1156 2069 ,29.
1208 2025 1328 2067 Tabo,
1354 2026 1530 2070 corrupto
1555 2024 1747 2078 sanguine:

221 2075 260 2108 et
289 2074 348 2108 est
376 2083 511 2108 nomen
543 2084 649 2108 casus
680 2073 830 2119 septimi
859 2074 1024 2116 tantum,
1056 2074 1100 2108 ut
1129 2074 1215 2108 sunt
1248 2072 1396 2118 ‘sponte
1427 2072 1546 2108 natu’.
1593 2071 1693 2116 quod
1717 2069 1749 2106 si

220 2119 314 2155 uelis
339 2119 538 2164 declinare,
566 2119 673 2156 ‘haec
697 2121 804 2155 tabes
829 2119 938 2155 huius
961 2120 1076 2155 tabis’
1104 2120 1212 2155 dices.
1329 2124 1349 2155 5
1375 2119 1478 2165 tabe]
1505 2119 1603 2155 Fest.
1629 2122 1698 2153 359
1702 2122 1746 2162 ,.2

221 2171 240 2202 ’1
267 2167 395 2214 tenax]
425 2167 554 2203 Plaut.
576 2167 654 2213 Cap
656 2171 680 2203 t.
701 2172 827 2211 2,239.
856 2168 951 2203 Isid.
974 2172 1018 2202 10
1021 2171 1112 2212 ,,268
1151 2167 1290 2212 TenaX,
1315 2166 1419 2202 numi
1444 2165 1623 2212 cupidior,
1649 2164 1748 2211 quod

219 2216 357 2250 teneat.
507 2219 551 2250 12
577 2215 675 2251 ultro
700 2197 883 2261 citroque]
919 2215 1036 2251 Prisc.
1063 2215 1130 2250 XV
1157 2218 1199 2249 12
1203 2219 1271 2259 21.
1295 2214 1346 2249 K.
1372 2214 1405 2248 A
1431 2214 1483 2250 cis
1508 2215 1618 2258 citro,
1650 2212 1747 2248 unde

223 2261 336 2298 ‘ultro
362 2262 560 2307 citroque'.
