1898 3294
753 182 1046 225 ..19-

133 288 385 334 uolumen
417 289 487 333 uel
508 290 673 333 sanitas
706 289 774 332 uel
797 288 1163 357 sustentaculum,
1195 288 1297 343 quia
1329 302 1355 329 a
1386 286 1590 330 columna
1610 286 1671 329 fit.

134 348 380 393 Calcaria
411 352 512 392 sunt
544 349 702 403 aculei,
734 349 808 405 qui
840 349 885 391 in
918 348 1035 391 calce
1067 347 1257 390 hominis
1291 346 1498 403 ligantur,
1530 346 1572 389 id
1605 349 1669 388 est

193 410 239 452 in
270 409 391 466 pedis
430 409 669 464 posteriore
707 411 850 464 parte,
890 408 943 450 ad
976 407 1289 450 stimulandum
1322 421 1477 462 equos,
1515 405 1671 462 quibus

193 473 269 511 aut
300 468 578 524 pugnandum
610 470 678 510 est
708 470 783 510 aut
814 467 1088 521 currendum,
1120 469 1297 522 propter
1328 466 1552 521 pigritiam
1584 465 1672 508 ani-

100 539 117 564 ὁ
195 528 374 571 mulium
406 531 481 571 aut
513 527 725 570 timorem.

133 585 354 631 Cotnrni
387 590 486 630 sunt
506 587 673 643 tragica
693 586 991 640 calciamenta,
1023 585 1180 641 quibus
1203 585 1443 628 calciantur
1474 583 1672 662 tragoedi

193 647 266 703 qui
304 647 348 689 in
386 646 558 689 theatro
597 646 753 689 dicturi
798 649 900 688 sunt
938 645 1031 688 alta
1076 647 1120 687 et
1163 645 1382 688 intonanti
1426 658 1544 687 uoce.
1579 646 1674 686 est

193 706 326 749 etiam
347 706 580 748 secundum
600 706 875 750 calciamenti
895 719 1032 762 genus
1053 705 1217 748 humile
1238 703 1443 761 quidem
1431 718 1478 746 ιιι
1497 702 1672 746 modum

192 766 474 833 crepidarum,
506 780 590 821 quo
617 765 772 808 heroes
799 767 993 820 utuntur,
1025 764 1099 807 sed
1128 765 1218 807 tale
1252 768 1331 819 est,
1364 767 1412 806 ut
1443 763 1489 805 in
1520 763 1672 806 dextro

83 836 115 862 ιο
193 828 238 868 et
268 825 314 868 ιιι
347 825 469 868 laeuo
502 825 607 881 pede
640 824 882 870 conueniat.

47 883 53 886 ’
80 940 84 944 1
133 883 301 928 Clima
331 898 537 941 graecum
574 899 734 928 nomen
765 887 850 939 est,
890 885 932 927 id
965 887 1030 927 est
1062 884 1192 927 cardo
1225 884 1295 926 uel
1328 898 1431 939 pars
1464 882 1594 939 caeli,
1625 884 1673 924 ut

192 944 324 988 clima
355 944 579 988 orientale.
635 965 647 974 ·

133 1001 167 1047 C
180 1012 299 1047 asus
317 999 706 1060 Em'pedoeleos.
742 1004 1028 1059 Empedocles
1048 1003 1333 1060 philosophus
1355 1002 1673 1058 Agrigentinus

193 1063 236 1106 id
267 1066 334 1107 est
366 1062 555 1119 Siculus,
593 1064 668 1120 qui
705 1078 802 1107 cum
833 1063 976 1107 lacum
1010 1063 1178 1106 Aetnae
1211 1062 1372 1105 montis
1405 1062 1672 1117 inuestigare

82 1134 113 1159 ¹⁵
192 1123 488 1178 contenderet,
531 1123 690 1166 decidit
730 1124 774 1166 in
822 1123 995 1179 igneam
1034 1123 1205 1166 foueam
1249 1125 1293 1165 et
1335 1120 1532 1165 incendio
1577 1136 1674 1164 con-

193 1186 396 1239 sumptus
429 1186 506 1226 est.

137 1241 208 1286 Co
221 1243 369 1293 mitia
399 1242 612 1298 dicuntur,
644 1258 754 1299 quae
774 1244 883 1286 fiunt
901 1243 1067 1286 Romae
1088 1243 1142 1285 ad
1162 1242 1368 1285 creandos
1389 1241 1673 1297 magistratus

193 1302 401 1345 Kalendis
427 1301 617 1346 Ianuarii
654 1303 700 1345 in
731 1318 883 1359 campo
903 1302 1079 1358 Martio,
1111 1303 1165 1346 ad
1197 1316 1306 1358 quae
1327 1301 1466 1344 omnis
1488 1300 1673 1356 populus

193 1377 396 1405 romanus
434 1365 478 1404 et
515 1363 742 1412 uniuersae
781 1363 1043 1406 conueniunt
1079 1362 1330 1418 dignitates.
1369 1363 1413 1403 et
1451 1360 1502 1403 de
1541 1359 1673 1403 Italia

80 1433 115 1458 2⁰
194 1435 297 1478 ergo
331 1421 385 1464 ad
416 1437 584 1464 summa
616 1423 794 1465 comitia
825 1425 926 1465 sunt
957 1425 1193 1466 conuentus
1225 1420 1458 1463 necessarii
1489 1419 1634 1466 nimis.

135 1479 464 1537 Concrepare
496 1482 709 1537 coniuere,
740 1482 851 1525 unde
884 1482 1185 1537 discrepare
1217 1480 1459 1524 dissentire.

135 1539 491 1596 Cirrhearum,
523 1541 636 1597 quod
668 1542 791 1584 aiunt
823 1541 1173 1598 inspirationum.

135 1599 424 1655 Oamaram,
455 1615 643 1644 curuam.

233 1795 250 1826 1
277 1789 367 1836 quia
398 1801 422 1826 a
451 1801 515 1826 va:
548 1790 648 1836 quod
682 1803 705 1826 a
735 1790 788 1835 R,
820 1790 909 1837 quia
940 1791 1026 1834 Hb,
1083 1791 1122 1826 ιιι
1154 1802 1176 1825 a
1207 1801 1242 1825 m
1273 1790 1278 1834 Ι
1309 1790 1452 1825 factum
1484 1790 1540 1825 est
1570 1788 1604 1824 G

135 1841 156 1874 2
183 1837 366 1874 Calcarici
390 1837 426 1873 R
451 1838 552 1874 codd.
579 1842 600 1873 2
628 1838 634 1885 Ι
662 1839 783 1874 aculei
808 1850 854 1874 a:
884 1839 988 1875 acuti
1014 1818 1083 1874 'P'
1143 1838 1182 1874 in
1217 1837 1403 1873 calcaneis
1428 1838 1617 1883 ponuntur
1641 1835 1676 1871 G

132 1889 153 1921 3
185 1885 454 1922 stimulandum
481 1896 596 1932 equos
630 1886 687 1922 P:
723 1897 838 1932 equos
865 1840 1117 1922 stimulandos¹
1140 1886 1252 1928 bvmr,
1279 1884 1530 1920 stimulandos
1556 1895 1673 1929 equos

135 1945 160 1969 α
185 1933 570 1979 Isid.l.c.1quibus
595 1935 717 1970 aut-
733 1933 909 1970 timorem
933 1945 1000 1971 om.
1027 1933 1062 1970 G
1182 1938 1204 1970 8
1231 1931 1346 1968 etiam
1372 1932 1422 1967 G:
1449 1934 1578 1968 autem
1606 1932 1642 1966 P
1668 1935 1671 1977 Ι

135 1980 287 2027 quidem
312 1980 401 2016 RG:
427 1981 527 2027 quod
562 1981 607 2016 H
770 1985 792 2017 9
818 1981 948 2018 heroes
972 1994 1044 2018 mr:
1084 1981 1198 2017 Iertes
1235 1980 1281 2023 P,
1312 1991 1378 2016 om.
1411 1981 1491 2016 ba*
1486 2007 1491 2025 ,
1520 1981 1677 2020 utuntur

138 2028 189 2063 P:
214 1993 452 2065 utebantur-q
450 2040 515 2073 mr,
547 2040 614 2065 om.
641 2029 688 2065 ba
722 2030 727 2073 Ι
761 2029 800 2065 ιιι
831 2029 961 2066 dextro
985 2032 1036 2072 ,et
1066 2029 1104 2064 in
1129 2029 1237 2064 laeuo
1263 2028 1357 2074 pede
1391 2027 1592 2063 conueniat
1625 2027 1675 2062 P:

137 2078 177 2111 et
199 2075 240 2111 in
264 2075 395 2112 dextro
415 2078 454 2112 et
471 2076 511 2112 in
530 2076 639 2113 laeuo
660 2076 860 2113 conueniat
878 2077 972 2123 pede
992 2089 1095 2122 amw,
1122 2076 1252 2112 dextro
1279 2078 1318 2111 et
1342 2076 1452 2111 laeuo
1479 2075 1678 2111 conueniat

137 2123 223 2169 pedi
250 2123 346 2159 Isid.
373 2124 395 2159 l.
422 2135 450 2159 c.
551 2129 591 2159 11
620 2135 755 2160 nomen
776 2124 826 2160 G:
853 2135 919 2160 om.
949 2125 993 2160 P.
1095 2128 1137 2159 12
1157 2123 1272 2159 clima
1296 2123 1476 2159 orientale
1503 2125 1541 2159 et
1566 2118 1677 2158 clima

136 2170 386 2207 meridianum
411 2171 446 2207 G
551 2176 593 2207 13
620 2183 706 2218 emp
708 2172 879 2208 edocleos
903 2184 942 2208 r:
968 2172 1080 2218 Emip
1081 2171 1245 2208 edicleos
1272 2171 1311 2215 0,
1339 2170 1599 2217 emphiticleos
1625 2170 1675 2213 H,

136 2218 406 2265 Empedoclem
431 2218 466 2254 R
489 2218 494 2266 Ι
516 2218 548 2254 Α
551 2219 784 2275 grigentinas
810 2219 842 2256 C
980 2224 1022 2255 14
1047 2220 1086 2255 id
1112 2220 1170 2255 est
1198 2219 1247 2254 P:
1274 2220 1332 2254 est
1356 2217 1390 2253 G
1413 2219 1418 2263 Ι
1440 2229 1525 2254 cum
1551 2198 1676 2254 lacuni

137 2265 189 2301 G:
215 2266 390 2303 naturam
415 2267 450 2302 G
471 2268 477 2312 Ι
498 2267 637 2303 montis
661 2266 726 2313 qui
751 2267 894 2303 ardet
883 2279 923 2303 m
948 2267 1077 2304 Sicilia
1103 2267 1137 2302 G
1269 2270 1310 2301 15
1339 2265 1582 2302 contenderet
1605 2277 1675 2311 vp:

138 2313 331 2350 contendit
357 2314 394 2349 P
514 2318 557 2351 18
583 2315 631 2350 ad
657 2326 753 2361 quae
777 2326 798 2351 r
820 2315 980 2361 Papias:
1006 2317 1119 2360 atque
1145 2328 1173 2350 ω
1304 2318 1346 2349 19
1373 2313 1531 2349 ueniunt
1555 2313 1589 2348 G
1611 2315 1617 2358 Ι
1639 2315 1678 2349 et

137 2361 184 2397 de
210 2361 303 2397 HG.
329 2362 376 2398 de
402 2361 438 2397 R
535 2366 580 2398 20
601 2362 649 2399 ad
669 2374 816 2399 summa
841 2362 892 2398 G:
919 2374 986 2399 om.
1014 2363 1059 2398 P.
1074 2365 1088 2406 ,Ι
1111 2363 1198 2398 sunt
1217 2373 1283 2398 om.
1307 2362 1344 2396 P
1439 2366 1483 2397 21
1505 2361 1678 2398 conibere

137 2410 197 2445 est
221 2410 277 2453 bv,
302 2409 475 2446 cohiuere
500 2411 559 2446 est
583 2421 613 2456 r,
639 2410 837 2446 conuenire
865 2410 901 2445 P
921 2412 926 2456 Ι
948 2410 1146 2447 dissentire
1171 2409 1359 2456 significat
1384 2408 1418 2444 G
1528 2413 1574 2444 22
1601 2407 1677 2444 Cir-

139 2456 363 2502 rhearump
416 2439 654 2493 Chirreanim
679 2457 775 2502 HR,
801 2457 1026 2494 Clirrearum
1054 2457 1094 2504 G,
1121 2457 1331 2494 Cirrearum
1357 2457 1426 2492 bva
1457 2459 1462 2501 Ι
1496 2457 1615 2503 agunt
1643 2456 1679 2491 P

139 2507 185 2540 28
210 2468 409 2540 camai-ain
435 2505 486 2541 G:
514 2503 708 2541 Cameram
737 2486 775 2540 Ρ

236 2568 268 2599 1
283 2563 471 2618 columen]
500 2564 628 2601 Plaut.
653 2564 734 2601 Cas.
755 2569 862 2611 3,2,.6
896 2565 1013 2611 Epid.
1034 2569 1138 2608 2,2,5.
1170 2565 1217 2609 cf.
1251 2564 1345 2600 Isid.
1373 2564 1422 2599 D.
1456 2563 1498 2599 V.
1526 2568 1605 2599 111.

140 2614 162 2646 2
187 2610 365 2658 calcaria]
393 2627 436 2641 =
465 2612 559 2647 [sid.
579 2615 733 2657 20,16,6.
885 2617 907 2649 6
932 2612 1095 2659 coturni]
1123 2629 1167 2642 ==
1195 2612 1291 2648 [sid.
1320 2615 1375 2655 19,
1378 2615 1471 2654 34,5.
1498 2612 1543 2655 cf.
1571 2612 1676 2647 Seru.

141 2659 725 2703 Aen.1,337.Ecl.8,10.11
749 2660 879 2707 clima]
900 2660 999 2696 Suet.
1023 2660 1129 2696 Prat.
1149 2660 1193 2695 de
1211 2663 1288 2697 nat.
1307 2670 1379 2695 rer.
1398 2660 1451 2695 ed.
1466 2659 1676 2703 Reiffersch.

140 2709 222 2748 202,
224 2710 257 2742 6.
292 2704 424 2750 Clima,
443 2687 555 2743 cardo
574 2707 635 2743 uel
657 2719 742 2754 pars
760 2708 866 2752 caeli,
892 2709 936 2744 ut
961 2707 1075 2744 clima
1093 2707 1275 2743 orientale
1301 2708 1341 2742 et
1366 2706 1479 2743 clima
1503 2706 1676 2742 meridia-

140 2765 242 2789 num.
340 2756 383 2789 17
404 2754 573 2809 comitia]
598 2754 1064 2799 Plaut.Auz.4‚‘1,19.etc.
1163 2759 1205 2790 21
1229 2754 1468 2800 concrepare]
1489 2754 1551 2789 lib.
1571 2755 1677 2800 yloss.

141 2800 390 2846 Concrepare‚
416 2801 587 2838 ooniuere
610 2801 651 2838 id
676 2804 734 2839 est
757 2783 978 2839 consentire.
1123 2806 1168 2838 22
1194 2801 1439 2848 cirrhearum]
1466 2802 1506 2836 ul
1531 2805 1582 2837 est
1606 2802 1677 2837 del-

135 2849 333 2894 phicarum
356 2849 436 2883 siue
459 2849 738 2895 apollinem-um,
763 2851 810 2886 ab
835 2851 924 2886 urbe
949 2850 1085 2886 Cirrha
1103 2850 1292 2895 Apollinis
1316 2860 1425 2885 sacra
1443 2852 1677 2894 nuncupata-

140 2907 234 2932 rwm.
331 2899 376 2931 23
403 2897 608 2950 camaram]
634 2897 1005 2943 1ib.9loss.Camara
1033 2897 1193 2934 latinum
1224 2899 1281 2933 est
1305 2908 1328 2932 a
1353 2897 1538 2932 curuitate
1563 2896 1677 2932 dicta.

144 2944 204 2979 est
227 2943 326 2979 enim
353 2943 529 2980 uolumen
553 2943 755 2980 introrsum
779 2946 991 2992 respiciens.

1343 3004 1391 3040 2*
