1898 3294
761 166 1056 209 —81-

230 275 359 329 otest,
390 273 474 316 nisi
499 273 574 330 qui
600 273 646 315 in
665 273 785 316 curia
803 287 984 316 romana
1015 271 1159 316 fuerit.
1209 287 1310 315 nam
1342 273 1473 329 primi
1504 272 1678 317 ordines

198 288 400 377 {icantur
419 332 623 388 illustres,
653 332 828 376 secundi
848 331 1121 388 spectabiles,
1152 332 1273 375 tertii
1303 331 1548 376 clarissimi.
1590 333 1679 377 iam

197 391 379 436 inferius
412 395 615 448 quartum
648 391 822 448 aliquod
853 406 989 449 genus
1020 406 1110 435 non
1141 394 1221 435 est.

139 461 358 514 Saeuus,
390 463 553 519 malus,
583 462 763 519 pessimi
794 477 845 505 ac
876 463 1011 506 trucis
1044 463 1178 506 animi
1209 465 1254 505 et
1290 463 1475 506 crudelis
1507 464 1677 520 dicitur,

101 536 120 565 ο
198 525 243 566 et
272 522 578 579 diphthongon
608 522 754 565 habet.

138 592 380 648 Subleui,
400 593 667 650 subsignaui,
685 594 734 635 ut
753 592 920 635 releui
946 593 1182 648 resignaui.
1218 593 1301 636 hoc
1320 596 1388 636 est
1407 594 1679 650 subsignare,

194 653 237 696 si
275 652 349 709 qui
393 652 481 695 alio
532 653 735 709 signante
778 652 937 695 iterum
987 652 1145 709 signat.
1206 653 1427 709 resignaui
1471 653 1554 696 hoc
1597 658 1677 709 est,

197 711 312 814 ²¹ssss
336 711 728 815 ffl'ssiissi‘riffiifi'r
746 711 1677 816 ⁸503?’1ssussssssffssffssaffimtiaffieerssuissssss'

85 846 139 875 ιο,
196 786 266 874 :zui
283 831 419 874 uerba
438 832 608 888 dantur,
638 831 710 874 uel
729 805 802 887 c’1ui
833 845 922 873 non
942 786 1062 874 {atis
1094 831 1247 874 doctus
1279 786 1373 887 εἷείῑῗ
1390 835 1438 875 ut
1471 832 1507 875 si
1539 789 1677 876 dicas}

195 889 421 934 ‘sublitum
452 890 560 933 mihi
591 893 659 934 est
690 890 755 934 os'
786 905 873 933 non
905 890 1013 933 bene
1045 890 1222 934 doctum
1253 892 1324 934 uel
1356 891 1592 935 indoctum.

135 959 351 1017 Sublegi
390 964 457 1004 est
493 961 545 1004 de
582 962 754 1018 legente
790 961 1036 1005 insidiando
1077 962 1246 1005 furatus
1278 977 1394 1019 sum,
1425 967 1475 1006 ut
1506 964 1543 1006 si
1574 965 1672 1020 quis

194 1020 314 1063 solus
351 1022 471 1078 legat
508 1025 552 1065 et
590 1022 700 1065 alius
739 1036 790 1064 ex
829 1022 999 1065 occulto
1038 1022 1174 1065 uerba
1211 1021 1303 1064 eius
1343 1022 1512 1066 furetur
1550 1027 1594 1066 et
1625 1039 1676 1067 ea

193 1079 365 1135 prodat.
1493 1097 1495 1099 ’

83 1166 116 1192 15
135 1149 439 1207 Stipulator
450 1167 501 1195 es
539 1153 826 1208 promissores
864 1152 1078 1196 dicuntur.
1136 1153 1386 1209 stipulari
1424 1154 1541 1197 enim
1579 1170 1674 1211 pro-

194 1210 367 1254 mittere
399 1214 467 1255 est
497 1227 549 1255 ex
581 1212 728 1256 uerbis
759 1212 867 1256 iuris
899 1213 1154 1269 peritorum.

112 1279 330 1339 'Spiris,
360 1283 502 1326 nodis.

134 1339 292 1385 Secus
325 1344 368 1385 et
399 1342 556 1386 ‘aliter'
588 1345 632 1385 et
663 1343 934 1399 ‘aequaliter’
965 1344 1155 1400 ponitur.

133 1411 391 1457 Sistentes
430 1414 500 1456 uel
539 1413 853 1470 ‘prohibentes'
898 1415 1137 1472 significat,
1181 1415 1226 1458 id
1265 1418 1332 1458 est
1368 1415 1443 1472 qui
1482 1416 1673 1472 aliquam

82 1487 118 1512 20
195 1487 286 1515 rem
318 1474 363 1516 in
394 1474 489 1516 loco
511 1476 627 1517 stare
646 1474 765 1529 facit,
796 1477 846 1517 ut
863 1475 1097 1532 Virgilius:
1130 1474 1299 1519 ‘sistere
1319 1490 1479 1531 aquam
1499 1476 1672 1519 fluuiis’.

193 1535 341 1587 potest
359 1533 605 1589 significare
626 1532 947 1578 ‘consistentes'
966 1535 1010 1578 id
1031 1537 1098 1577 est
1116 1534 1368 1578 habitantes
1389 1536 1458 1577 uel
1492 1538 1672 1591 stantes,

189 1594 239 1634 ut
282 1591 515 1648 Virgilius:
559 1592 775 1636 ‘constitit
818 1594 863 1636 in
919 1593 1110 1651 digitos'.
1173 1594 1393 1650 signifieat
1442 1594 1672 1650 ‘resistere,

190 1651 462 1707 repugnare’.
506 1651 739 1708 Virgilius:
773 1653 832 1696 ‘et
862 1657 1015 1697 contra
1047 1654 1092 1696 in
1122 1655 1252 1697 litore
1284 1654 1433 1697 sistit'.

131 1720 345 1778 Scythia
382 1726 449 1765 est
486 1723 711 1778 prouincia
748 1726 917 1766 remota
954 1725 1035 1767 sub
1073 1726 1388 1781 septentrione,
1426 1726 1664 1782 frigoribus

76 1795 111 1821 25
190 1782 354 1838 rigens,
384 1783 499 1826 nuda
530 1783 819 1839 gignentium,
852 1784 1046 1828 moribus
1077 1785 1274 1828 barbara.

226 1975 244 2006 l
271 1971 383 2017 primi
408 1972 557 2009 ordines
581 1973 615 2009 G
642 1974 738 2010 Isid.
763 1977 910 2018 9,4‚12.:
949 1974 1196 2020 primordines
1221 1975 1282 2010 uel
1307 1974 1595 2020 plurimordines
1621 1976 1668 2022 R,

128 2017 416 2063 plurimordines
441 2020 491 2065 H,
517 2020 630 2066 primi
655 2021 796 2057 ordinis
818 2022 921 2057 Plac.
948 2033 1009 2067 ap.
1037 2022 1156 2058 Grial.
1185 2023 1280 2058 Isid.
1307 2023 1330 2058 l.
1351 2033 1380 2057 c.
1478 2026 1501 2058 4
1527 2022 1668 2059 Saeuus

129 2064 186 2100 H:
213 2065 375 2102 Scaeuus
399 2066 473 2103 RG
569 2073 600 2104 6»
616 2069 803 2114 resignaui
830 2068 911 2104 GR:
937 2069 1104 2115 resignat
1129 2070 1180 2115 H,
1205 2070 1354 2115 resigna
1377 2081 1399 2105 v
1498 2074 1516 2106 7
1540 2070 1667 2117 signat

127 2123 210 2148 nos:
235 2113 402 2160 resignat
431 2116 519 2151 libri
546 2119 551 2158 Ι
580 2116 650 2152 hoc
675 2119 732 2152 est
758 2116 802 2152 0:
837 2121 896 2152 est
920 2130 949 2151 ω
1089 2121 1110 2153 9
1137 2117 1277 2153 sublini
1301 2128 1383 2152 nos:
1410 2118 1600 2154 sublinum
1629 2118 1667 2163 0,

131 2159 292 2196 sublitus
318 2161 364 2204 R,
390 2162 570 2199 sublitum
585 2163 619 2199 G
641 2166 646 2208 Ι
668 2163 880 2209 inposturas
914 2164 946 2199 C
963 2166 968 2209 Ι
990 2165 1228 2211 decipiuntur
1255 2164 1303 2200 Co
1406 2169 1446 2200 11
1473 2176 1548 2201 non
1573 2166 1668 2202 bene

129 2207 281 2244 doctum
308 2209 402 2245 HR:
428 2220 496 2246 om.
522 2210 556 2247 G
578 2211 583 2257 Ι
605 2211 668 2247 uel
691 2212 884 2248 indoctum
904 2212 958 2247 R:
984 2223 1050 2249 om.
1078 2212 1155 2248 HG
1174 2212 1249 2258 (cui
1274 2213 1391 2248 uerba
1410 2233 1454 2238 —
1474 2212 1667 2249 indoctum

128 2265 194 2289 om.
223 2254 266 2309 C)
389 2261 431 2293 12
457 2260 495 2294 te
521 2258 669 2304 legente
695 2259 782 2295 libri
928 2264 971 2295 16
998 2260 1203 2306 peritorum
1235 2261 1351 2296 Isid.:
1389 2262 1604 2305 praetorum
1632 2261 1670 2295 P

131 2305 172 2337 19
199 2313 289 2347 qma
313 2303 347 2339 G
443 2308 490 2341 20
514 2316 593 2341 rem
621 2306 675 2342 P:
709 2308 857 2353 partem
883 2306 917 2342 G
939 2309 944 2352 Ι
966 2307 1057 2343 fecit
1082 2308 1116 2343 G
1137 2310 1142 2352 Ι
1164 2307 1203 2343 in
1235 2307 1358 2343 fluuiis
1386 2307 1417 2342 C
1509 2312 1551 2343 21
1581 2320 1665 2345 con-

126 2348 377 2433 sGi'stentIaefRR:
403 2363 487 2435 proG
497 2353 739 2390 consistentes
765 2368 793 2389 ω
890 2359 935 2390 22
962 2355 1102 2402 digitos
1127 2355 1216 2391 BG:
1243 2355 1364 2402 digito
1391 2355 1464 2391 CH
1557 2360 1601 2393 23
1628 2359 1666 2393 et

162 2410 171 2432 =
197 2409 218 2433 e
329 2427 338 2443 ‚
364 2409 430 2435 om.

221 2448 243 2481 6
268 2445 428 2492 subleui]
450 2458 491 2483 os
510 2448 698 2484 sublinere
711 2450 854 2494 passim
873 2461 933 2495 ap.
956 2450 1148 2495 Plautum,
1168 2450 1214 2494 cf.
1227 2450 1327 2486 Non.
1348 2454 1465 2495 45,17.
1494 2451 1666 2488 Subleuit

127 2491 199 2537 [os]
235 2492 423 2538 significat
452 2495 572 2531 illusit
603 2497 643 2532 et
672 2507 740 2541 pro
771 2496 929 2533 ridiculo
962 2497 1103 2534 habuit.
1154 2500 1319 2534 tractum
1350 2509 1373 2533 a
1404 2510 1540 2545 genere
1572 2499 1663 2543 ludi,

125 2550 200 2584 quo
230 2539 501 2578 dormientibus
535 2554 601 2579 ora
631 2543 846 2589 pinguntur.
1024 2549 1066 2580 12
1099 2545 1262 2592 sublegi]
1309 2545 1410 2591 Viro.
1447 2546 1528 2582 Ecl.
1569 2550 1662 2590 931.

124 2585 194 2621 Vel
227 2598 324 2631 quae
359 2588 505 2636 sublegi
535 2591 673 2627 tacitus
707 2591 777 2627 tibi
808 2592 974 2628 carmina
1010 2605 1137 2639 nuper.
1186 2592 1290 2629 Seru.
1323 2594 1372 2629 ad
1407 2595 1440 2629 h.
1469 2595 1481 2629 l
1523 2594 1664 2630 rustica

125 2632 322 2689 affectione
341 2635 527 2674 reminisci
545 2650 585 2675 se
605 2638 755 2675 illorum
775 2640 982 2675 carminum
1001 2640 1122 2686 fingit,
1147 2651 1244 2686 quae
1263 2641 1468 2687 aliquando
1490 2640 1662 2687 Virgilio,

123 2680 213 2716 hcet
243 2683 363 2718 mmto
394 2683 550 2720 Romam
582 2686 702 2730 eunti,
741 2687 958 2724 abstulerat.
1007 2699 1094 2723 nam
1125 2688 1271 2734 sublegi
1302 2690 1361 2724 est
1391 2688 1535 2724 furatus
1566 2701 1657 2725 sum.

123 2728 170 2771 cf.
196 2739 403 2783 sermonem
434 2732 678 2779 sublegerunt
702 2746 764 2780 ap.
794 2734 922 2776 Plaut.
955 2735 1044 2771 ibid.
1071 2739 1200 2779 4,2,98.
1265 2749 1271 2753 “
1333 2740 1376 2771 15
1401 2735 1658 2783 stipulatores]

123 2775 167 2818 cf.
195 2776 366 2821 stipulari
397 2789 456 2823 ap.
492 2778 621 2816 Plaut.
656 2781 761 2818 Cure.
793 2786 922 2826 4,1‚12.
953 2783 1084 2818 Pseud.
1112 2786 1240 2827 4‚6‚14.
1268 2799 1311 2813 ==
1341 2784 1434 2819 Isid.
1465 2787 1601 2828 10,288.

124 2817 176 2857 ιτ
195 2823 317 2877 spiris]
346 2841 389 2855 ==
416 2827 520 2862 sm.
546 2827 638 2863 Aen.
665 2832 781 2873 23η.
802 2829 848 2872 cf.
878 2829 981 2864 Ptin.
1008 2830 1059 2865 N.
1085 2830 1135 2865 H.
1164 2834 1208 2866 16
1234 2834 1254 2872 s
1281 2834 1359 2865 198.
1470 2834 1511 2865 18
1538 2831 1658 2877 secus]

116 2880 258 2951 pensum
295 2883 354 2917 ap.
403 2872 582 2910 Plautum
771 2880 813 2911 19
857 2876 1044 2923 sistentes]
1097 2877 1196 2923 Viry.
1242 2878 1334 2914 Aen.
1379 2881 1495 2922 4,489.
1542 2882 1657 2922 5,426.

145 2923 190 2962 ‹‚·
206 2922 262 2956 09.

194 2985 322 3013 Luctum
347 2988 456 3015 Placidi
479 2991 661 3020 grammatici
683 2991 808 3024 glossae.
1347 2987 1368 3018 6
