1898 3294
898 187 1188 229 „42—

282 293 318 348 E
328 309 354 335 x
363 295 382 334 t
389 309 410 335 e
418 327 428 347 ,
460 294 491 349 †
505 308 609 335 esse.

281 353 318 395 E
327 368 351 393 x
363 352 409 394 fe
418 353 445 394 b
455 367 509 394 ru
518 367 571 394 ar
580 367 621 407 e,
653 366 903 408 expurgare.
954 353 1099 395 febru
1108 368 1190 395 are
1223 354 1339 395 enim
1370 366 1555 408 purgare
1587 356 1664 397 est.

280 411 318 454 E
327 411 411 454 xin
420 412 444 453 d
454 426 493 466 e,
525 411 687 454 deinde.

280 470 318 514 E
329 485 350 513 c
358 485 380 512 c
389 485 410 512 e
418 486 440 512 r
448 486 487 525 e,
520 485 615 513 ecce
623 505 634 526 ,
665 472 735 513 uel
768 471 1040 514 iureiurando
1072 487 1149 527 per
1179 471 1389 514 Cererem.

249 541 264 566 5
284 530 321 572 E
331 545 373 571 m
382 546 409 572 u
419 545 437 571 s
448 531 488 572 si
498 533 515 572 t
525 532 608 572 ato
618 546 637 572 s
645 564 656 585 ‚
688 531 740 573 ad
773 530 981 573 amussim
1014 533 1201 573 exactos.

281 590 318 631 E
328 605 354 631 x
362 589 377 631 i
385 604 447 644 pp
455 589 470 631 i
478 592 498 632 t
506 590 600 632 and
608 605 685 632 um
693 624 704 644 ,
735 589 958 645 hiandum,
992 590 1276 632 oscitandum.

281 649 317 690 E
328 648 349 689 f
351 649 372 689 f
376 649 388 689 l
398 648 412 690 i
421 663 443 691 c
450 649 490 691 ti
499 664 541 690 m
548 682 559 703 ‚
591 649 641 691 de
673 649 882 704 plorando
915 649 1075 691 dictum
1102 651 1179 691 est.

281 708 317 750 Ε
329 724 353 749 x
362 723 423 750 an
432 723 453 750 c
461 708 476 749 1
485 723 510 750 a
517 710 536 749 t
543 723 585 763 a,
618 708 827 750 exhausta
848 711 890 750 et
910 708 1035 763 quasi
1055 708 1328 764 exangulata,
1360 708 1402 750 id
1423 711 1489 751 est
1519 724 1595 764 per
1625 709 1807 765 angulos

342 782 532 823 quosque
567 767 794 822 exquisita.
1134 822 1136 825 Α

230 838 263 863 10
281 826 318 868 Ε
327 843 353 868 x
363 829 382 868 t
392 841 414 868 r
423 842 448 868 a
455 841 484 868 n
493 842 514 868 e
523 841 548 868 a
555 841 596 868 m
605 860 616 882 ,
632 827 886 882 abortiuam,
899 827 999 882 quia
1013 827 1247 882 plurimum
1258 828 1456 869 extentae
1471 827 1666 870 abiciunt
1673 830 1807 871 extra.

281 885 318 927 E
328 885 376 927 xl
386 901 411 927 a
420 901 445 927 u
454 886 479 927 d
489 901 514 927 a
523 887 542 927 t
547 919 558 940 ,
591 889 711 928 extra
742 887 871 928 finem
902 886 1064 928 laudat.

280 945 317 987 E
327 959 353 986 x
362 944 391 986 h
401 960 425 988 a
433 960 460 988 u
468 961 488 988 s
500 947 546 989 te
556 960 576 988 r
585 960 645 989 an
654 945 695 990 ti
704 946 730 989 b
740 961 767 989 u
775 961 794 987 s
802 980 813 1002 7
832 946 1020 988 ubertim
1040 945 1273 988 fluentibus
1294 946 1429 989 ueluti
1444 944 1808 989 exhaurientibus.

761 1066 931 1110 Glossae
953 1079 1032 1121 per
1060 1066 1108 1109 F
1133 1066 1322 1108 litteram.

281 1149 314 1191 F
324 1165 384 1192 au
392 1152 411 1191 t
419 1165 444 1192 o
456 1165 477 1191 1·
484 1183 495 1205 ,
527 1150 811 1192 consentiens.

234 1221 267 1245 15
285 1208 354 1250 Fu
363 1222 392 1264 g
400 1211 481 1251 ato
491 1224 512 1250 r
518 1243 530 1264 ‚
562 1210 774 1264 expulsor.

377 1353 392 1384 1
423 1361 500 1386 esse
520 1351 624 1386 libri:
649 1352 735 1394 fort.
756 1351 844 1386 este.
872 1351 918 1394 cf.
940 1349 1093 1384 Exurire
1108 1361 1179 1394 pro
1199 1348 1338 1384 esurire
1363 1360 1422 1393 ap.
1445 1348 1624 1394 Canyium
1643 1359 1661 1383 e
1680 1349 1808 1393 prisca

279 1398 461 1432 comoedia
475 1399 550 1433 cod.
575 1398 695 1433 Paris.
721 1401 822 1433 1638.
890 1402 911 1432 2
931 1397 1156 1432 Exfebruare
1177 1397 1226 1432 G:
1247 1395 1432 1441 Exfugare
1448 1395 1487 1439 C,
1507 1395 1714 1441 Exfigurati
1727 1395 1804 1431 HR

283 1444 287 1490 Ι
315 1456 521 1490 espugnare
549 1445 580 1480 C
599 1447 603 1490 Ι
626 1445 795 1480 februare
821 1445 919 1480 enim
945 1455 1103 1490 purgare
1129 1444 1178 1479 G:
1205 1455 1271 1479 om.
1301 1443 1338 1477 P
1461 1447 1481 1478 3
1508 1444 1588 1478 tum
1614 1443 1746 1478 deinde
1772 1443 1807 1479 G

280 1497 301 1527 4
327 1503 411 1527 ecce
443 1493 505 1528 uel
536 1493 586 1528 G:
625 1491 788 1528 eccetilis
823 1493 859 1526 P
878 1494 883 1537 Ι
905 1503 971 1537 per
1003 1494 1082 1537 (pro
1109 1492 1165 1537 bv)
1199 1491 1367 1526 Cererem
1393 1491 1485 1525 HG:
1517 1501 1669 1536 parcere
1695 1490 1761 1526 CR

281 1545 301 1574 5
327 1539 576 1576 Emussitatos
595 1540 648 1575 R:
675 1540 903 1575 Emusitatos
925 1539 963 1584 Ο,
989 1539 1234 1574 Emulsitatos
1254 1539 1305 1581 Η,
1330 1537 1567 1573 Emussitatis
1588 1537 1621 1573 G
1643 1539 1648 1582 Ι
1670 1537 1805 1573 munim

282 1587 327 1631 P,
353 1587 528 1623 mussime
554 1589 613 1623 uel
637 1586 799 1623 mussine
825 1588 859 1623 G
887 1590 891 1627 Ι
919 1587 1059 1623 exactis
1086 1587 1119 1622 G
1239 1591 1259 1621 6
1286 1584 1580 1631 Exippitandum
1605 1585 1639 1620 G
1664 1586 1710 1629 cf.
1735 1585 1806 1621 Rh.

281 1635 383 1670 Mus.
417 1639 520 1670 1835.
555 1636 607 1670 ΙΙΙ
627 1646 667 1680 p.
695 1639 780 1670 471:
813 1634 1079 1681 Exipitandum
1106 1633 1200 1676 HR,
1226 1633 1524 1678 Exuspirandum
1552 1632 1583 1668 G
1600 1634 1606 1676 1
1626 1631 1807 1668 hiandum

280 1682 330 1717 G:
357 1682 557 1717 dicandum
584 1683 628 1725 C,
655 1681 851 1718 dicendum
876 1682 954 1717 HR
1074 1686 1092 1717 7
1119 1681 1165 1716 de
1190 1680 1371 1726 plorando
1398 1680 1447 1715 G:
1479 1680 1710 1726 deplorando
1737 1679 1775 1714 P
1799 1679 1804 1726 Ι

279 1729 419 1765 dictum
443 1731 499 1765 est
517 1731 665 1775 scripsi:
686 1730 808 1765 dicere
832 1729 877 1774 P,
904 1729 1002 1765 dicte
1023 1730 1076 1773 bv,
1097 1728 1238 1764 dictum
1258 1739 1313 1763 mr
1409 1731 1430 1762 9
1451 1735 1618 1772 quosque
1637 1726 1806 1763 Kettner:

280 1789 428 1823 quoque
456 1778 543 1812 libri
675 1782 718 1813 10
743 1777 969 1813 Extraneam
998 1776 1048 1811 P:
1075 1775 1260 1812 Extranea
1285 1779 1317 1810 et
1343 1775 1518 1810 Extream
1544 1774 1577 1810 G
1600 1776 1605 1818 Ι
1627 1774 1715 1821 quia
1738 1785 1805 1810 om.

281 1824 312 1859 C
332 1827 334 1868 Ι
358 1826 531 1860 extentae
557 1835 637 1860 iios:
665 1824 851 1860 extentiae
872 1824 911 1867 Ο,
931 1823 1085 1859 Extciae
1104 1824 1155 1866 H,
1182 1822 1355 1859 exerticie
1370 1834 1437 1867 pa,
1456 1833 1522 1857 om.
1542 1821 1578 1857 R
1600 1825 1605 1866 1
1627 1821 1807 1858 obiiciunt

279 1872 311 1908 G
429 1876 470 1907 11
498 1872 683 1908 Exlaudat
707 1872 796 1908 HR.
821 1873 863 1907 in
888 1872 933 1907 H
952 1883 996 1907 ex
1021 1883 1056 1907 u.
1082 1870 1291 1906 Exclaudat
1315 1873 1511 1905 correctum
1535 1870 1698 1906 uidetur:
1731 1869 1804 1905 Ex-

277 1919 409 1954 laudat
442 1923 474 1955 et
504 1919 716 1955 Exclaudat
747 1919 780 1954 G
809 1919 814 1962 Ι
840 1919 972 1955 laudat
1005 1917 1055 1954 P:
1088 1918 1219 1953 laudat
1249 1921 1281 1952 et
1313 1917 1464 1952 claudat
1489 1916 1523 1963 G
1669 1920 1710 1951 12
1736 1916 1806 1952 Ex-

277 1966 581 2002 hausterantibus
595 1978 641 2011 p:
667 1966 1007 2002 Exhauterantibus
1030 1965 1080 2001 P:
1100 1964 1434 2000 Exausterantibus
1452 1967 1484 1999 et
1501 1963 1806 2000 Exasterantibus

278 2015 321 2048 bv
344 2014 348 2057 Ι
370 2014 569 2050 fluentibus
595 2015 690 2050 bvm:
717 2014 890 2051 flentibus
919 2014 978 2059 Pp
1078 2017 1121 2048 14
1147 2013 1285 2047 Fautor
1310 2011 1359 2047 G:
1387 2011 1499 2047 Fater
1523 2011 1575 2056 H,
1600 2012 1716 2047 Futor
1739 2011 1776 2047 R

373 2089 394 2119 4
415 2086 555 2132 eccere]
581 2086 719 2130 passim
738 2097 796 2130 ap.
822 2085 1012 2120 Plautum.
1051 2083 1150 2119 Fest.
1174 2083 1283 2124 Paul.
1305 2086 1396 2127 78,5.
1416 2082 1552 2118 Eccere
1570 2081 1806 2118 iurisiurandi

280 2133 346 2176 est,
373 2143 415 2167 ac
435 2132 468 2168 si
486 2133 631 2168 dicatur
651 2144 716 2178 per
736 2133 916 2176 Cererem,
941 2133 984 2167 ut
1004 2132 1147 2167 ecastor
1172 2130 1315 2176 edepol.
1359 2129 1426 2165 alii
1450 2141 1574 2165 eccere
1599 2141 1666 2175 pro
1688 2130 1804 2176 ‘eccess

278 2179 442 2224 positum
469 2180 668 2226 accipiunt.
765 2184 786 2215 5
813 2179 1064 2225 emussitatos]
1086 2179 1131 2222 cf.
1156 2178 1282 2213 Plaut.
1306 2178 1392 2212 Mil.
1412 2181 1540 2220 3,1,38.
1567 2176 1665 2212 Fest.
1694 2177 1804 2218 Paul.

280 2230 370 2272 76‚8.
397 2228 495 2263 Non.
523 2231 589 2270 9,9.
713 2232 733 2263 6
759 2226 1057 2273 exippitandum]
1085 2227 1145 2263 lib.
1171 2227 1275 2270 yloss.
1301 2225 1531 2270 Exippitare,
1556 2224 1660 2260 hiare
1684 2224 1723 2260 id
1749 2226 1806 2261 est

278 2286 319 2309 os
351 2274 506 2320 aperire.
551 2276 639 2311 ibid.
672 2274 906 2320 Exippitare,
939 2273 1105 2310 oscitare.
1156 2273 1245 2309 ibid.
1289 2271 1581 2318 Exippitandum
1611 2271 1651 2307 id
1684 2274 1741 2308 est
1765 2283 1805 2308 oe

278 2321 530 2367 aperiendum.
576 2323 622 2366 cf.
657 2322 767 2358 Paul.
806 2322 904 2357 Fest.
939 2325 1052 2366 101,7.
1098 2320 1308 2366 Hippacare
1343 2321 1400 2355 est
1434 2319 1604 2355 celeriter
1640 2319 1803 2355 animam

278 2369 412 2404 ducere
450 2370 498 2405 ab
536 2370 622 2415 equi
658 2369 795 2411 halitu,
833 2369 896 2415 qui
934 2370 991 2404 est
1028 2380 1139 2413 supra
1175 2368 1325 2403 modum
1356 2368 1496 2403 acutus.
1546 2367 1650 2411 qloss.
1689 2367 1802 2403 Isia:

278 2415 494 2462 Hippitare,
519 2417 694 2462 oscitare,
725 2416 864 2452 badare
889 2416 1081 2461 (halare‘r).
1251 2419 1270 2450 7
1304 2413 1490 2460 efflictim]
1525 2413 1653 2449 Plaut.
1687 2414 1800 2450 Mero.

278 2468 430 2507 2‚3.107.
463 2467 524 2500 etc.
556 2465 655 2500 Non.
690 2468 826 2507 104,21.
877 2463 1074 2508 Efflictim,
1108 2462 1356 2498 uehementer.
1409 2461 1550 2496 Charis.
1583 2461 1628 2495 Π.
1665 2465 1802 2506 198,12.

278 2511 456 2547 Efflictim
470 2512 635 2548 Naeuius
646 2511 686 2547 in
699 2510 903 2548 Corollario
925 2539 952 2547 ..
968 2540 974 2547 .
997 2511 1062 2546 ubi
1080 2510 1222 2546 Probus
1243 2509 1374 2555 ‘usque
1393 2508 1565 2544 donicum
1584 2507 1802 2555 effligatur’.

280 2559 351 2594 ΟΡ
368 2570 408 2604 p.
435 2563 491 2596 20.
517 2558 694 2595 Efflictim
708 2588 717 2604 ,
743 2558 1002 2595 cruciabiliter.
1101 2562 1122 2593 8
1149 2556 1358 2602 exanclata]
1384 2556 1429 2600 cf.
1454 2555 1659 2591 Exanclare
1679 2567 1718 2601 p.
1744 2559 1802 2592 38.

279 2610 323 2641 10
349 2607 576 2653 extraneam]
610 2606 708 2642 Fest.
738 2606 847 2642 Paul.
882 2610 973 2650 793.
1011 2606 1257 2642 Exterraneus
1282 2614 1427 2649 quoque
1452 2602 1599 2646 dicitur,
1625 2602 1689 2649 qui
1714 2605 1801 2640 ante

276 2654 423 2699 tempus
453 2655 562 2689 natus
595 2654 656 2690 uel
686 2653 809 2699 potius
842 2654 980 2689 eiectus
1011 2654 1079 2689 est.
1122 2652 1244 2688 dictus
1269 2652 1392 2687 autem
1419 2651 1672 2695 exterraneus,
1702 2651 1802 2696 quod

277 2712 362 2736 eum
393 2702 515 2736 mater
545 2701 723 2737 exterrita
749 2701 835 2737 aluo
861 2700 981 2737 eiecit.
1012 2701 1073 2736 lib.
1097 2702 1202 2746 yloss.
1228 2698 1448 2742 Extmneos,
1477 2708 1521 2733 ex
1546 2697 1668 2733 aliena
1690 2699 1800 2734 ten-a.

277 2748 340 2783 uel
358 2748 561 2793 immaturi,
582 2759 673 2794 quos
693 2748 878 2784 exterrita
889 2750 1008 2784 mater
1026 2745 1314 2789 auu1sos‘eiecst,
1341 2745 1438 2791 quod
1459 2755 1575 2790 genus
1593 2744 1800 2781 hostiarum

277 2795 391 2831 sacris
415 2807 490 2832 non
521 2795 729 2832 adhibetur.
875 2800 917 2831 11
951 2795 1141 2841 exlaudat]
1168 2793 1266 2830 Fest.
1295 2793 1405 2828 Paul.
1434 2795 1524 2837 76,4.
1669 2795 1712 2827 12
1739 2803 1799 2828 ex-

277 2843 593 2889 hausterantibus]
621 2843 719 2879 Fest.
747 2843 858 2879 Paul.
883 2847 975 2887 82,6.
1002 2842 1252 2885 Exhaustant,
1285 2839 1452 2876 efferunt.
1591 2843 1636 2874 14
1658 2838 1798 2887 fautor]

212 2925 216 2930 ,
279 2890 420 2926 Charis.
446 2891 461 2925 I
487 2894 602 2933 86,14.
622 2890 672 2927 K.
710 2891 864 2926 Fauitor
888 2890 1033 2936 antiqui
1058 2890 1247 2933 dixerunt,
1273 2888 1314 2923 at
1338 2887 1460 2923 fautor
1485 2897 1552 2922 nec
1575 2885 1799 2923 auctoritate

278 2949 345 2974 nec
363 2936 504 2974 ratione
518 2938 696 2974 deficitur.
719 2938 812 2974 Isid.
830 2942 965 2984 10,105.
990 2938 1130 2974 Fautor
1147 2937 1195 2973 ab
1215 2946 1258 2972 eo
1271 2935 1370 2981 quod
1388 2934 1516 2970 faueat
1526 2934 1564 2969 et
1582 2933 1799 2971 consentiat.
