1898 3294
755 182 1050 225 ...59-

132 290 458 348 Impatibile,
490 290 604 347 quod
636 291 732 347 quis
764 290 857 347 pati
887 280 974 333 hon
1006 293 1164 346 potest.

134 350 408 411 Inmoene„
439 350 702 406 improbum,
757 350 1030 406 culpandum.
1095 350 1164 393 uel
1215 349 1433 393 interdum
1483 348 1674 392 ‘munere

195 409 458 454 liberatum’.

134 469 330 526 lesere,
363 469 564 513 iecinore.

97 541 115 568 ὁ
134 529 496 587 †Infermento
517 531 584 572 est
603 529 686 571 iter
706 528 1018 583 infermentati,
1036 529 1079 571 id
1095 531 1162 572 est
1180 529 1334 571 taeiter
1354 527 1679 570 dissimulanter

195 589 312 642 intra
343 591 507 632 serunt.

133 648 463 705 Imploratis,
494 647 720 691 inuocatis.

134 707 267 752 Indu
297 710 366 763 te,
398 721 504 764 erga
534 710 577 750 te
608 706 679 750 uel
712 709 812 750 ante
845 709 901 750 te.

134 766 335 823 Iurgio,
368 766 675 811 incursatione.
727 814 741 828 Ι,

83 838 118 865 1⁰
137 826 414 882 Interstat,
445 826 639 870 interest.

136 885 282 942 luge,
314 886 406 929 sine
437 886 696 940 defectione,
729 900 914 941 perenne
947 900 997 928 ac
1028 888 1237 941 perpetuo
1270 885 1432 928 fluens..

72 991 75 993 ,
133 945 423 1001 Iudicatus‚
455 945 612 989 iudicio
645 945 840 988 addictus
873 945 1199 1001 damnatusque.

135 1005 468 1062 Infrequens,
506 1006 680 1060 absens,
724 1005 904 1048 alienus.
947 1004 1087 1047 dictus
1132 1021 1158 1048 a
1193 1005 1384 1047 militum
1422 1005 1677 1061 ignominia,

195 1065 270 1122 qui
301 1080 397 1108 cum
428 1065 573 1108 uocati
604 1079 691 1108 non
723 1064 981 1120 adfuissent,
1000 1064 1306 1120 -infrequentes
1337 1065 1616 1108 notabantur.

83 1137 116 1162 1⁵
135 1124 395 1180 Infundis,
426 1125 600 1181 unguis,
632 1124 806 1168 oblinis.
1494 1127 1496 1130 ’

135 1184 393 1240 hmequis,
424 1199 592 1240 narras,
622 1184 770 1227 refers.
819 1184 894 1227 sed
925 1184 1142 1228 interdum
1175 1183 1365 1240 ‘pergis'.

135 1243 402 1300 Infuruas,
434 1244 643 1299 infuscas,
674 1244 871 1287 offundis.

97 1310 110 1323 “
136 1303 423 1360 Immerito,
453 1319 541 1346 non
572 1304 740 1346 merito.

137 1362 157 1405 Ι
167 1378 224 1405 ns
233 1378 258 1406 o
266 1378 287 1405 r
295 1365 394 1406 tem
403 1397 414 1418 ,
445 1363 799 1419 †infelieitatem.

83 1422 411 1466 ²01nstauror
442 1423 496 1466 ab
529 1423 668 1466 instar
699 1423 770 1466 uel
801 1423 1098 1467 similitudine.

137 1481 437 1539 Istamcine,
466 1483 598 1526 istam
630 1497 748 1539 ergo.

137 1541 391 1598 Iactatus,
422 1542 640 1599 inductus,
671 1544 836 1598 eaptus.

232 1734 253 1767 2
280 1730 455 1767 Inmoene
481 1730 600 1767 HRv:
627 1731 794 1768 Immune
828 1731 860 1768 G
995 1736 1017 1767 4
1041 1732 1204 1768 iocinore
1232 1731 1310 1767 Gm:
1337 1731 1501 1768 iocinore
1527 1731 1606 1767 HR
1634 1741 1643 1749 ·

137 1783 158 1814 5
184 1778 409 1815 Infermento
443 1777 511 1814 Co:
549 1779 591 1814 In
622 1779 807 1815 fermento
838 1779 953 1815 HRm
973 1781 979 1825 Ι
1002 1781 1041 1816 et
1073 1779 1112 1825 G,
1144 1782 1202 1815 est
1232 1793 1260 1815 ω
1283 1782 1288 1824 l
1311 1780 1383 1816 iter
1417 1779 1675 1816 infermentari

137 1826 244 1871 libri,
270 1826 369 1862 intra.
392 1826 607 1863 fermentari
640 1827 728 1862 Mai
749 1828 755 1871 Ι
775 1826 912 1864 taciter
936 1827 984 1872 R,
1009 1826 1144 1863 taciter
1169 1827 1217 1863 ad
1245 1828 1283 1871 C,
1308 1826 1404 1864 tacit
1428 1829 1467 1863 et
1491 1827 1537 1862 H
1557 1831 1591 1864 1.
1617 1839 1676 1871 m.,

137 1873 255 1910 tacita
285 1885 317 1919 v,
348 1873 465 1910 tacito
495 1886 551 1909 mr
571 1876 578 1922 Ι
599 1874 880 1910 dissimulanter
910 1874 963 1920 R,
995 1874 1215 1918 simulanter
1242 1876 1286 1920 C,
1319 1874 1599 1911 dissimulantes
1624 1875 1676 1921 H,

138 1920 374 1958 dissimulata
396 1933 430 1967 v,
457 1921 692 1958 dissimulato
717 1934 774 1958 mr
879 1927 900 1958 6
925 1922 1026 1958 intra
1048 1922 1093 1968 P,
1118 1923 1242 1959 temus
1261 1934 1293 1967 v,
1319 1921 1454 1959 itinere
1473 1934 1530 1958 mr
1552 1923 1557 1968 Ι
1578 1922 1679 1958 intra

139 1970 267 2006 serunt
294 1969 339 2015 P,
364 1968 593 2006 transierunt
617 1969 652 2006 G
758 1974 778 2006 7
805 1970 1002 2017 Inrogatus
1026 1970 1223 2007 inuoeatus
1250 1970 1284 2006 G
1392 1974 1432 2006 11
1462 1981 1506 2006 ac
1534 1970 1585 2005 P:
1613 1972 1679 2007 aut

139 2017 174 2053 G
194 2019 200 2062 Ι
222 2018 402 2063 perpetuo
427 2016 544 2053 fluens
570 2018 621 2053 G:
647 2019 868 2064 perpetuum
894 2017 941 2062 R,
967 2028 1013 2072 pe
1062 2019 1190 2054 etnam
1215 2018 1260 2053 H
1402 2021 1445 2054 13
1471 2017 1615 2054 dictum
1640 2018 1677 2054 R

140 2068 184 2100 15
211 2063 380 2100 Infundis
403 2065 556 2110 scripsi:
571 2065 734 2101 ·Infindis
759 2065 848 2110 HR,
877 2065 1000 2101 Infidis
1051 2094 1060 2111 ,
1086 2065 1250 2101 Infinidis
1270 2065 1305 2101 G
1326 2067 1331 2108 Ι
1353 2065 1489 2112 unguis
1514 2077 1598 2101 nos:
1623 2065 1678 2101 in-

138 2123 228 2158 gens
254 2112 344 2148 libri
365 2113 370 2155 Ι
393 2111 529 2148 oblinis
553 2123 634 2148 nos:
661 2112 801 2149 oblitus
831 2113 875 2156 P,
902 2112 1026 2149 obitus
1053 2112 1088 2149 G
1205 2117 1248 2149 17
1274 2113 1437 2149 infuscas
1457 2113 1508 2149 G:
1534 2112 1677 2150 insulas

143 2159 180 2194 P
323 2163 365 2195 19
391 2159 670 2207 infelicitatem]
701 2161 786 2204 fort.
812 2159 999 2196 infelicem
1144 2164 1190 2196 20
1215 2161 1408 2197 Instauror
1433 2161 1480 2196 ab
1509 2161 1677 2206 Mueller,

139 2206 311 2243 Instabor
335 2207 423 2243 libri
442 2208 449 2254 Ι
471 2207 716 2244 similitudine
745 2208 889 2254 Papias
922 2208 945 2244 l.
972 2219 1018 2246 a:
1045 2207 1253 2245 similitudo
1279 2209 1368 2244 libri

235 2282 256 2314 2
282 2277 470 2325 inmoene]
499 2278 628 2315 Plaut.
651 2279 755 2316 Trin.
779 2283 881 2326 1,1,1.
903 2279 1003 2316 Fest.
1026 2279 1137 2316 Paul.
1159 2283 1298 2325 109,23.
1325 2279 1516 2325 Immanis,
1542 2291 1679 2316 uacans

139 2337 303 2362 munere.
339 2325 566 2372 aliquotiens
592 2338 659 2374 pro
684 2327 856 2373 improbo
908 2327 1052 2373 onitur,
1078 2329 1120 2364 ut
1145 2327 1245 2373 apud
1270 2327 1468 2363 Plautum:
1497 2327 1678 2364 ‘immune

142 2374 201 2410 est
222 2373 394 2410 facinus’.
504 2378 526 2410 4
550 2373 690 2422 iecore]
720 2374 830 2412 Prob.
888 2375 961 2411 ath.
990 2379 1104 2420 13,21.
1130 2375 1180 2411 K.
1209 2375 1349 2411 Charis.
1376 2376 1392 2410 Ι
1417 2379 1535 2420 30,14.
1561 2376 1678 2420 48,20.

144 2420 264 2459 Prisc.
290 2425 430 2466 238,16.
456 2421 506 2458 Κ.
533 2425 596 2458 etc.
706 2426 726 2458 7
752 2422 982 2478 imploratis]
1010 2423 1109 2459 Fest.
1138 2422 1250 2460 Paul.
1277 2427 1368 2467 77‚1.
1395 2426 1427 2459 et
1454 2427 1570 2468 109‚3.
1608 2424 1679 2459 Im-

140 2468 304 2515 pletura,
337 2468 556 2516 inclamare,
594 2469 775 2506 auxilium
808 2481 993 2507 inuocare.
1043 2471 1090 2515 cf.
1129 2470 1228 2506 Fest.
1263 2474 1404 2516 230,10.
1442 2471 1546 2506 Seru.
1585 2472 1677 2508 Aen.

146 2519 260 2561 10‚19.
291 2516 507 2570 ‚Implorare
533 2518 591 2554 est
615 2517 796 2554 auxilium
822 2529 907 2555 cum
926 2517 1167 2555 miseratione
1188 2512 1409 2564 Reposcere,
1436 2530 1511 2564 qua
1535 2518 1679 2555 rationo

143 2563 237 2599 bene
262 2563 438 2600 dicimus:
467 2565 643 2612 ‘imploro
668 2567 724 2611 te,
750 2567 793 2602 ut
811 2565 991 2602 auxilium
1016 2565 1153 2602 misero
1178 2565 1303 2602 feras'.
1404 2570 1447 2601 12
1472 2566 1677 2613 iudicatus]

147 2610 276 2646 Plaut.
303 2611 406 2647 Men.
434 2616 560 2657 1‚1,20.
693 2617 736 2649 13
762 2612 992 2661 infrequens]
1020 2613 1119 2650 Fest.
1150 2613 1260 2649 Paul.
1290 2617 1404 2658 112,7.
1431 2613 1522 2650 Gen.
1550 2618 1677 2659 16‚4,5.

146 2662 189 2694 16
214 2657 397 2705 insequis]
423 2661 469 2703 cf.
495 2659 593 2698 Fest.
623 2660 733 2697 Paul.
762 2665 900 2706 111,11.
939 2661 1093 2707 Inseque
1119 2673 1178 2707 ap.
1205 2661 1367 2697 Ennium
1395 2661 1499 2697 ‘dic’.
1532 2661 1678 2705 inaexit,

143 2704 291 2742 dixerit.
322 2705 412 2742 Gen.
450 2711 576 2754 18‚9,3.
598 2736 629 2745 ..
662 2708 814 2754 inseque
845 2708 951 2755 quasi
986 2709 1067 2755 ‘per
1094 2720 1114 2744 e
1146 2708 1283 2745 dicere’
1318 2710 1358 2744 et
1387 2708 1581 2754 insequere
1615 2713 1677 2745 etc.

142 2753 247 2799 yloss.
267 2753 383 2789 Labb.
404 2754 572 2801 Inseque,
590 2754 685 2792 εἰπέ.
777 2760 823 2791 20
842 2756 1044 2803 instauror]
1104 2757 1231 2802 apias:
1254 2757 1475 2801 Iustam-are,
1495 2767 1679 2803 reparare,

143 2801 191 2837 ab
216 2800 337 2836 instar
360 2800 498 2838 dieitur
522 2803 561 2838 id
586 2805 645 2840 est
675 2803 931 2840 similitudine.
974 2804 1072 2839 Fest.
1102 2803 1213 2839 Paul.
1243 2808 1357 2848 111,4.
1402 2803 1606 2839 Instaurati
1631 2805 1679 2840 ab

144 2848 262 2884 instar
291 2848 434 2885 dictum
466 2851 538 2895 est,
571 2863 686 2896 quum
717 2851 863 2897 aliquid
894 2850 943 2887 ad
974 2850 1170 2898 pristinam
1196 2850 1480 2887 similitudinem
1506 2851 1679 2888 reficitur.

145 2900 187 2932 21
214 2895 426 2943 istamcine]
461 2896 579 2934 Prisc.
610 2898 680 2934 XII
706 2902 845 2944 593,14.
877 2898 927 2934 Κ.
973 2898 1138 2944 Illiusee,
1169 2898 1340 2943 istiusce,
1365 2898 1504 2935 istucoe
1530 2900 1676 2936 ueteres

145 2942 322 2980 dicebant
345 2945 441 2981 teste
466 2945 683 2992 Papiriano,
709 2945 773 2992 qni
799 2946 845 2982 de
870 2945 1141 2993 orthographia
1166 2946 1238 2983 hoc
1262 2945 1437 2984 ostendit.
