1898 3294
741 182 919 226 —75
984 206 1042 217 -,

181 291 293 336 unde
330 291 380 344 Q.
415 291 578 335 Fabius
620 291 842 348 Eburum,
885 290 998 347 quod
1042 290 1218 335 natibus
1262 290 1507 347 fulgul-atus
1552 293 1659 347 erat,

181 350 343 409 ‘pullus
374 350 510 395 Iouis’
542 351 682 395 dictus
714 353 794 394 est.

121 410 335 467 Pacoro,
364 410 539 467 pacisci.

120 469 338 527 Partim,
357 470 596 527 dimidium,
616 470 718 514 hinc
737 472 782 514 et
800 470 913 513 inde.
933 470 1090 526 partiri
1110 469 1269 513 dicitur
1289 469 1403 526 quod
1423 469 1656 514 diuidatur.

84 529 379 587 ⁶Papillas,
410 545 579 574 summa
609 530 764 573 11118188
794 543 1092 573 mammarum.

123 589 449 647 Pataginem‚
480 603 578 633 cum
595 592 776 646 propter
795 589 1002 646 pituitam
1020 603 1108 632 non
1127 587 1255 632 facile
1276 588 1402 631 labra
1415 591 1657 633 mouentur.

121 648 234 704 Pol,
264 649 562 693 iusiurandum
592 664 670 706 per
700 649 937 692 Pollucem.

120 706 479 765 Postliminio,
510 709 554 752 id
586 712 654 753 est
684 709 758 766 qui
789 709 1040 752 recessisset
1072 711 1116 751 et
1146 707 1331 752 redisset
1362 708 1532 752 iterum.

120 768 394 825 Protendi,
423 769 610 825 porrexi.
915 792 921 798 ·

68 841 103 868 10
120 827 273 884 Pedo,
302 828 416 872 fuste
447 829 661 885 pastorali
692 829 834 885 capite
866 829 1055 872 incuruo.

121 887 316 931 Plaudo
352 888 454 931 tibi
491 903 641 932 unam
678 903 782 931 rem
819 890 967 945 potest
1003 889 1120 931 bona
1158 888 1320 931 locutio
1361 903 1467 932 esse.
1523 903 1657 944 prope

179 947 269 991 tale
301 950 369 990 est
398 948 445 991 in
463 947 673 1005 Virgilio:
706 947 902 1004 ‘pedibus
933 948 1147 1004 plaudunt
1177 948 1357 991 choreas
1389 950 1434 991 et
1464 949 1659 991 carmina

181 1006 359 1051 dicunt’.

119 1066 399 1123 Palpitans
432 1070 500 1110 est
530 1068 604 1125 qui
623 1068 813 1111 animam
831 1068 982 1111 trahit.
1029 1082 1132 1110 nam
1165 1066 1440 1124 ‘palpitrans'
1471 1082 1560 1110 non
1591 1069 1658 1110 est

68 1139 102 1167 15
178 1126 383 1183 latinum,
413 1129 560 1183 potest
590 1130 738 1171 tamen
769 1143 795 1171 a
825 1127 1048 1184 palpebris
1079 1127 1240 1170 uenire.
1494 1132 1497 1135 ’

120 1185 217 1229 Ρ81·
247 1186 411 1229 uitam
441 1187 582 1230 iurat
611 1188 767 1231 melius
786 1188 969 1232 dicimus
995 1202 1126 1244 quam
1146 1187 1300 1230 ‘uitam
1332 1186 1478 1230 iurat’.
1509 1190 1655 1230 tamen

179 1244 312 1289 ‘iurat
343 1245 496 1289 uitam’
528 1247 663 1290 etiam
694 1247 906 1291 absolute.

119 1305 303 1348 Pullos
342 1306 515 1362 quidem
552 1307 735 1350 dicimus
773 1307 966 1350 omnium
1005 1308 1151 1350 auium
1188 1310 1335 1363 natos,
1374 1307 1448 1350 sed
1486 1309 1530 1350 et
1569 1307 1657 1350 ani-

180 1365 359 1408 malium
416 1366 739 1422 quadrupedum
794 1367 995 1410 dicuntur
1056 1367 1167 1423 pulli
1222 1367 1438 1423 homoque
1493 1382 1654 1423 paruus

66 1437 102 1464 20
179 1424 324 1481 pullus
368 1428 436 1468 est
478 1426 548 1469 uel
591 1441 741 1470 recens
785 1427 878 1470 nati
920 1427 1050 1483 pulli,
1094 1442 1145 1470 eo
1189 1427 1302 1484 quod
1338 1427 1499 1484 polluti
1544 1430 1656 1470 sunt.

179 1484 291 1528 unde
322 1485 457 1528 uestis
488 1482 617 1543 nigra
647 1486 770 1543 pulla
801 1489 868 1531 est
899 1487 1024 1530 dicta.

218 1679 234 1710 1
273 1674 316 1717 Q.
348 1674 485 1711 Fabius
521 1675 575 1711 R:
619 1676 759 1713 Fabius
803 1676 867 1721 H,
908 1676 1077 1723 quisquis
1114 1677 1174 1712 uel
1203 1676 1376 1723 quamuis
1413 1677 1459 1722 0,
1498 1677 1657 1723 quauius

128 1721 209 1757 Vat.
239 1726 342 1767 1552,
368 1722 500 1767 quaius
526 1735 546 1759 v
568 1725 573 1768 1
595 1723 806 1770 fulguratae
831 1724 924 1760 HR:
956 1725 1138 1770 figuratus
1165 1738 1193 1760 ω
1357 1730 1378 1761 2
1404 1725 1530 1771 pullus
1558 1725 1656 1761 Iouis

120 1769 251 1805 HRG:
295 1770 443 1816 puellus
488 1771 517 1807 0
689 1776 712 1808 4
749 1772 932 1808 diuiditur
975 1772 1009 1808 G
1183 1776 1204 1808 ὅ
1248 1772 1500 1809 mamillarum
1545 1773 1579 1808 G

121 1822 142 1853 6
168 1817 390 1864 Pataginem
415 1818 498 1854 Hv:
530 1818 732 1866 Pitiginem
761 1820 799 1864 O,
824 1819 1047 1866 Patuginem
1075 1820 1120 1855 H
1137 1821 1142 1865 Ι
1165 1822 1365 1856 mouentur
1388 1831 1469 1856 nos:
1504 1822 1657 1856 mouent

124 1864 168 1909 P,
194 1865 393 1901 mouerunt
415 1877 436 1901 v
552 1870 572 1902 7
598 1867 668 1903 Ρο1
692 1867 768 1903 Rr:
795 1867 877 1903 Poli
902 1868 966 1903 Hv
1082 1872 1125 1903 10
1150 1867 1252 1904 fusto
1278 1867 1332 1907 01
1354 1867 1550 1905 incuruato
1576 1868 1611 1904 G

122 1917 162 1948 11
191 1923 304 1949 unam
330 1913 393 1948 H:
415 1924 491 1949 una
514 1913 561 1958 R,
592 1914 698 1950 illam
723 1927 744 1951 v
766 1916 772 1960 Ι
794 1915 955 1951 elocutio
980 1916 1027 1950 H
1167 1919 1210 1951 12
1236 1915 1274 1951 111
1300 1915 1451 1962 uirgilio
1475 1927 1514 1951 v:
1541 1927 1658 1961 uergo

123 1959 160 1997 P
179 1961 184 2005 Ι
207 1971 334 1996 coreas
360 1962 400 1997 et
416 1972 449 2006 v,
475 1961 579 1998 corui
602 1962 667 1999 sed
688 1962 850 2008 (scilicet
867 1963 918 2010 R)
942 1962 1017 2009 GR,
1044 1962 1178 2000 chouei
1201 1963 1346 1999 scilicet
1370 1964 1416 1999 H
1510 1967 1555 1999 14
1579 1963 1657 2010 pal-

121 2007 264 2053 pitrans
288 2007 344 2044 R:
370 2008 535 2054 palpitra
560 2010 611 2054 H,
635 2010 827 2056 palpitans
850 2022 898 2047 va
1056 2015 1100 2047 19
1127 2012 1166 2047 et
1189 2012 1301 2047 homo
1326 2022 1348 2046 v
1374 2012 1470 2048 Isid.
1497 2012 1519 2047 l.
1546 2023 1575 2048 8.

120 2060 164 2090 21
192 2055 289 2092 unde
314 2057 353 2091 et
375 2055 491 2092 uestis
508 2068 530 2093 v
550 2057 645 2094 Isia.
667 2059 672 2103 Ι
694 2057 797 2094 dicta
821 2060 878 2094 est
900 2069 921 2094 v
942 2059 1036 2095 Isia.

120 2138 221 2184 quod
251 2137 331 2174 eius
360 2139 460 2175 natis
489 2139 646 2176 fulmine
676 2140 754 2177 icta
779 2142 869 2177 erat.
913 2141 1061 2187 antiqui
1085 2143 1213 2178 autem
1238 2154 1406 2188 puerum,
1438 2153 1550 2188 quem
1575 2142 1658 2188 quis

120 2186 291 2231 amabat,
315 2186 461 2232 pullum
487 2187 566 2223 eius
591 2187 776 2225 dicebant.
804 2189 903 2225 Fest.
933 2189 1044 2226 Paul.
1071 2194 1187 2235 244,6.
1213 2190 1310 2226 Ρ1181·
1335 2190 1399 2236 qui
1425 2190 1583 2226 obscene
1609 2190 1658 2226 ab

120 2233 248 2280 aliquo
285 2234 497 2280 amabatur,
535 2235 630 2280 eius,
667 2247 690 2272 a
721 2247 795 2283 quo
826 2238 973 2273 amatus
1007 2238 1121 2280 esset,
1158 2237 1284 2284 pullus
1311 2237 1513 2274 dicebatur.
1559 2238 1656 2274 unde

122 2281 162 2325 Q.
190 2280 345 2326 Fabius,
371 2282 431 2318 cui
456 2286 515 2318 etc.
551 2284 691 2320 Arnob.
718 2285 805 2320 adu.
835 2288 928 2330 yent.
955 2289 1050 2329 4,26.
1095 2285 1144 2320 Et
1167 2287 1210 2321 ut
1228 2285 1328 2321 Iouis
1354 2285 1501 2322 dicatur
1520 2285 1656 2331 pullus,

121 2329 158 2364 in
193 2329 360 2374 partibus
392 2329 528 2366 Fabius
558 2330 727 2368 aduritur
761 2332 939 2368 mollibus
971 2332 1264 2379 obsignaturque
1298 2333 1462 2379 posticis.
1499 2333 1654 2379 Ilesych.

123 2377 263 2422 Πῶλος,
289 2373 431 2434 ἑταίρα·
458 2375 604 2419 πώλους
622 2375 694 2425 γὰρ
714 2375 833 2421 αὐτὰς
853 2378 980 2426 ἔλεγον
1007 2378 1088 2416 οἷον
1110 2377 1323 2427 Ἀφροδίτης
1348 2377 1495 2422 πώλους
1522 2377 1543 2426 ἢ
1570 2379 1658 2422 τοὺς

121 2423 232 2464 νέους
256 2423 322 2459 καὶ
346 2437 413 2466 τας
437 2423 527 2466 νέας
552 2425 617 2461 καὶ
641 2425 870 2471 παρθένους.

216 2475 237 2506 3
271 2473 420 2520 1188818]
454 2473 552 2510 Fest.
584 2477 726 2517 250,23.
763 2474 963 2511 Ρ8810118111
1000 2475 1147 2521 antiqui
1184 2475 1376 2522 dicebant,
1416 2488 1529 2523 quam
1559 2488 1657 2511 nunc

120 2517 334 2563 pactionem
360 2519 527 2556 dicimus.
572 2522 671 2558 unde
696 2523 735 2558 et
759 2522 897 2568 pacisci
928 2524 967 2559 et
990 2534 1095 2569 paco.
1127 2524 1172 2568 cf.
1199 2523 1302 2570 pacit
1327 2535 1387 2570 ap.
1414 2524 1512 2559 Fest.
1540 2528 1655 2567 363,6.

122 2566 212 2602 Gen.
238 2570 390 2610 20‚1,15.
487 2572 509 2604 5
534 2569 712 2616 papillas]
740 2586 784 2600 ε
812 2571 905 2606 Isid.
926 2571 975 2606 D.
1004 2570 1045 2606 V.
1072 2575 1151 2606 372.
1179 2572 1224 2615 cf.
1252 2571 1351 2607 Fest.
1379 2572 1489 2607 Paul.
1516 2575 1657 2614 220,12.

123 2614 227 2649 Seru.
247 2614 339 2650 Aen.
362 2619 499 2659 11‚803.
598 2621 619 2652 6
644 2617 879 2672 pataginem]
903 2618 1064 2664 Papias:
1090 2619 1246 2665 Patago,
1272 2630 1388 2665 genus
1414 2619 1546 2664 morbi,
1573 2630 1657 2654 cum

122 2662 276 2707 propter
299 2661 473 2708 pituitam
493 2674 567 2700 non
586 2664 697 2700 facile
715 2665 846 2711 lingua
863 2667 1046 2702 mouetur.
1073 2667 1118 2711 cf.
1144 2667 1306 2713 patagus
1331 2678 1390 2712 ap.
1419 2667 1517 2702 Fest.
1547 2667 1656 2709 Paul.

122 2712 239 2753 221,3.
268 2709 433 2745 Macrob.
455 2710 533 2746 Sat.
553 2715 706 2757 5,19‚12.
805 2717 824 2748 7
845 2713 924 2760 pol]
940 2714 1082 2758 passim
1101 2725 1160 2759 ap.
1184 2714 1373 2750 Plautwm.
1474 2718 1518 2749 10
1544 2714 1655 2760 pedo]

123 2756 221 2791 Fest.
248 2760 389 2800 210,23.
415 2760 555 2803 24934.
582 2759 685 2795 Seru.
713 2760 794 2795 Ecl.
821 2765 914 2806 2,31.
942 2764 1033 2805 5,88.
1128 2766 1167 2796 11
1225 2761 1352 2809 laudo]
1389 2761 1488 2807 Viry.
1518 2763 1607 2797 Aen.
1624 2767 1656 2805 6,

123 2807 202 2858 644.
306 2808 347 2840 16
372 2815 438 2859 per
464 2804 581 2841 uitam
607 2806 720 2852 iurat]
747 2807 852 2843 Seru.
878 2808 970 2843 Aen.
1000 2813 1137 2853 12,197.
1179 2774 1224 2844 ‘³12

122 2851 218 2886 iuro’
247 2853 286 2887 et
310 2854 477 2887 ornatior
494 2853 656 2890 elocutio
676 2857 715 2890 et
739 2855 869 2890 crebra
892 2855 994 2901 apud
1012 2854 1183 2900 maiores,
1209 2868 1322 2902 quam
1342 2857 1373 2893 si
1401 2856 1494 2892 uelis
1520 2856 1657 2892 addere

121 2898 453 2944 praepositionem,
486 2901 528 2935 ut
558 2900 661 2937 dieas
688 2901 784 2937 ‘iuro
810 2914 876 2947 per
900 2902 1034 2949 maria,
1071 2915 1139 2949 per
1164 2904 1307 2940 terras'.
1358 2904 1403 2949 cf.
1429 2904 1536 2940 eund.
1563 2904 1656 2940 Aen.

126 2949 216 2991 1,67.
317 2951 359 2983 18
384 2947 522 2994 pullos]
550 2964 595 2978 ==
622 2949 716 2985 Isid.
746 2953 871 2995 12,7‚5.

1227 2809 1369 2853 ciram,
1395 2821 1508 2854 maro,
1535 2809 1658 2844 sidem
