1898 3294
805 217 858 223 -..-
922 204 953 234 X
1016 217 1068 223 ,-

172 303 323 354 poetae
367 300 584 342 cuiusdam
622 299 780 353 ignoti,
818 312 926 353 quae
965 297 1242 351 anthologiae
1286 297 1446 338 latinae
1491 297 1619 340 affixa
1657 302 1701 340 et

172 381 305 424 paene
337 373 431 412 tota
463 385 513 411 ex
544 369 767 411 uocabulis
799 368 1068 410 Luctatianis
1100 367 1400 422 conglutinata
1431 369 1497 409 est
1528 368 1587 421 (u.
1617 368 1700 411 Rh.

172 440 281 482 Mus.
317 440 441 483 1835.
472 439 537 482 III
569 455 609 495 p.
641 440 770 492 471.).

291 510 446 553 Restat
477 513 526 553 ut
562 525 834 566 quaeramuS,
872 525 956 565 qua
985 509 1126 564 patria
1157 508 1228 550 hic
1259 508 1621 563 glossographus,
1651 509 1702 551 de

173 595 256 634 quo
277 582 458 636 agimus,
490 581 621 623 fuerit
641 584 780 623 ortus:
811 581 892 622 hac
912 580 963 622 de
983 595 1028 621 re
1062 580 1133 621 uix
1167 579 1398 634 quidquam
1431 580 1536 621 certi
1568 580 1701 622 statui

170 645 342 705 poterit.
391 653 557 694 Maius
608 652 780 707 quidem
829 666 880 692 ex
923 650 991 691 his
1041 650 1204 694 uerbis:
1255 649 1514 692 ‘Frameae
1561 650 1702 692 hastae

170 722 430 776 lonyissimae
457 727 563 777 sunt,
593 722 738 776 quibus
769 722 1002 763 etiamnunc
1032 721 1242 762 Armorici
1271 724 1425 763 utentes
1456 721 1527 762 hoc
1552 735 1698 763 nomen

171 793 385 844 tribuunt'‚
430 794 581 836 confici
625 793 843 847 opinatur,
887 791 1111 834 Placidum
1148 792 1324 833 natione
1361 791 1495 833 fuisse
1527 791 1700 834 Gallum

170 862 252 916 (Ol.
285 863 335 906 A.
368 864 441 919 VI,
487 862 617 920 553).
667 865 713 905 at
756 863 943 916 primum
982 852 1099 904 haec
1128 862 1273 918 glossa
1315 876 1402 904 non
1442 861 1703 905 adscribitur

167 934 367 981 Luctatio
405 935 490 976 nisi
526 935 572 977 in
608 935 721 976 libro
761 933 1020 988 glossarum,
1063 936 1158 974 tum
1196 932 1232 974 si
1268 932 1380 974 hanc
1424 933 1702 975 concludendi

168 1005 380 1047 rationem
412 1006 588 1060 probes,
625 1005 740 1047 idem
772 1004 975 1059 consequi
1005 1005 1122 1046 dicas
1155 1018 1206 1045 ex
1238 1003 1345 1058 illis,
1384 1018 1492 1058 quae
1530 1006 1574 1046 et
1604 1004 1701 1059 ipsa

168 1075 213 1116 in
244 1075 356 1118 libro
390 1076 634 1131 glossarum
665 1075 831 1117 Placidi
870 1090 1027 1117 nomen
1058 1075 1219 1121 ferufft:
1259 1074 1586 1117 Gaesatornm
1615 1087 1700 1116 non

166 1161 311 1188 nomen
339 1148 471 1201 yentis
495 1150 563 1197 est,
593 1148 663 1189 sed
691 1147 1067 1188 mercennariorum
1093 1146 1311 1199 yalloram,
1336 1147 1374 1187 εἰ
1404 1146 1566 1199 quidem
1595 1145 1702 1188 alibi

168 1218 245 1271 ἱερά
280 1232 364 1259 non
396 1221 675 1272 gaesatorum,
713 1218 782 1259 sed
812 1231 1026 1270 yaesornm
1077 1215 1301 1269 scriptum&
1357 1219 1403 1258 at
1446 1231 1541 1258 cum
1579 1217 1699 1271 prior

166 1288 293 1329 huius
327 1289 497 1343 glossae
528 1303 628 1343 pars
662 1303 713 1329 ex
746 1287 889 1329 Orosii
920 1287 1023 1329 hist.
1044 1287 1172 1341 4,13.
1208 1287 1346 1341 petita
1377 1287 1451 1340 sit,
1482 1287 1561 1328 illa
1591 1301 1699 1341 quae

166 1358 216 1399 de
255 1358 462 1400 ‘frameis'
503 1359 665 1413 scripta
703 1361 821 1412 sunt,
864 1359 1026 1412 pariter
1064 1373 1114 1399 ex
1152 1357 1237 1399 alio
1277 1357 1486 1411 scriptore
1517 1359 1699 1412 possunt

165 1428 380 1484 descripta
412 1444 516 1483 esse,
549 1429 761 1484 siquidem
792 1429 992 1471 Placidus
1025 1428 1376 1483 glossographus,
1407 1431 1455 1470 ut
1485 1428 1535 1469 de
1568 1427 1700 1470 Statii

165 1503 504 1542 commentatore
525 1499 760 1542 Tiliobro
771 1513 832 1555 ga
863 1514 963 1541 uere
983 1499 1108 1554 dixit,
1140 1499 1333 1554 integras
1354 1514 1479 1553 saepe
1499 1498 1698 1553 periodos

165 1585 215 1612 ex
235 1570 357 1612 libris
379 1571 562 1612 aliorum
581 1571 930 1625 transscripsisse
949 1570 1129 1612 uidetur.
1166 1585 1303 1625 neque
1335 1573 1482 1611 tamen
1500 1570 1696 1612 Placidus

165 1641 294 1683 homo
326 1641 547 1683 Romanus
579 1642 647 1684 uel
678 1641 815 1683 Italus
846 1641 948 1683 fuit:
985 1641 1086 1683 talis
1119 1641 1232 1682 enim
1265 1641 1315 1682 de
1347 1639 1491 1682 Numa
1520 1641 1698 1696 loquens

167 1711 280 1753 hunc
310 1727 396 1754 non
426 1712 721 1754 Romanorum
759 1725 907 1767 regem
938 1711 1022 1753 fuit
1054 1711 1348 1766 appellaturus
1379 1725 1516 1766 neque
1548 1711 1697 1754 eodem

162 1782 255 1824 loco
295 1782 504 1838 dicturus,
543 1784 654 1838 apud
691 1783 910 1825 Romanos
955 1780 1091 1825 ancile
1135 1782 1186 1823 de
1235 1783 1352 1824 caelo
1393 1782 1561 1837 lapsum
1605 1797 1698 1824 esse

162 1850 220 1908 (u.
253 1853 385 1894 ancile
414 1868 454 1907 p.
492 1854 531 1908 4,
556 1852 651 1911 12).
700 1854 805 1895 item
842 1867 952 1907 quae
992 1868 1024 1895 s.
1056 1869 1096 1894 u.
1135 1852 1391 1895 ‘censorium’
1426 1852 1484 1908 (p.
1520 1852 1695 1909 17,22.)

162 1924 383 1979 leguntur:
416 1923 544 1977 ‘apud
572 1928 722 1967 ueteres
752 1925 862 1967 enim
880 1922 1105 1966 Romanos'
1138 1926 1229 1978 etc„
1260 1923 1447 1965 hominis
1478 1923 1696 1978 peregrini

166 1995 356 2049 putanda
388 1997 500 2037 sunt.

896 2148 969 2190 IV.

346 2251 417 2286 Ad
449 2259 565 2295 quos
597 2251 806 2285 auctores
837 2249 1048 2284 Placidus
1079 2249 1251 2294 glossas
1281 2243 1522 2293 scripserit.

283 2348 448 2391 Fried.
486 2349 811 2391 Ritschelius
855 2349 900 2404 (l.
939 2364 971 2391 6.
1009 2365 1049 2404 p.
1080 2347 1199 2406 459.)
1228 2349 1392 2403 primus
1430 2349 1613 2404 monuit,
1651 2350 1694 2391 in

164 2420 505 2474 praescriptione
537 2420 694 2462 codicis
729 2419 926 2462 Gorsiani
958 2421 1164 2475 scriptum
1195 2420 1300 2475 legi,
1331 2419 1495 2462 Placidi
1527 2421 1694 2476 glossas

162 2491 207 2532 in
245 2490 389 2533 Plauti
428 2491 669 2534 comoedias
707 2491 968 2545 compositas
1008 2505 1113 2532 esse.
1162 2505 1299 2546 neque
1335 2491 1379 2532 id
1416 2491 1573 2532 iniuria
1610 2491 1694 2533 dici

164 2562 311 2604 multis
333 2563 438 2603 locis
460 2563 511 2603 ad
533 2563 774 2604 comoedias
795 2561 1019 2604 Plautinas
1051 2561 1177 2603 hodie
1210 2564 1427 2603 exstantes
1459 2561 1693 2604 referendis

163 2633 452 2687 confirmatur,
484 2635 533 2674 ut
565 2633 722 2687 glossis
756 2632 1009 2686 ‘aequabiles,
1038 2632 1172 2683 habeo,
1202 2632 1391 2682 habitior,
1420 2632 1561 2687 horno,
1592 2633 1694 2683 ibus,

163 2704 357 2757 inmoene,
388 2704 603 2756 iudicatus,
635 2704 794 2745 laterna
817 2704 986 2758 punica,
1018 2703 1195 2756 libentia,
1229 2703 1420 2756 lucinam,
1445 2704 1692 2756 murrinam,

162 2775 346 2828 neniam,
390 2774 492 2828 offa,
537 2778 675 2828 tenax,
719 2773 861 2828 baryet’
907 2777 985 2815 etc.
1016 2788 1092 2815 nec
1133 2774 1286 2816 desunt
1330 2775 1479 2828 uerba,
1523 2788 1628 2828 quae
1667 2788 1691 2815 a

164 2841 446 2899 scriptoribus
485 2848 532 2886 ut
569 2844 771 2886 Plautina
809 2845 1042 2886 afferuntur
1086 2847 1130 2886 et
1167 2845 1260 2899 ipsa
1299 2860 1324 2886 a
1354 2844 1525 2886 Placido
1559 2843 1690 2897 expli-

163 2920 329 2970 cantur,
373 2919 420 2958 ut
470 2914 655 2969 ‘apluda’
702 2916 745 2956 in
794 2915 985 2958 Astraba
1037 2919 1290 2970 usurpatum
1335 2916 1465 2958 fuisse
1508 2914 1691 2956 traditur
