1898 3294
767 169 1059 211 -21—

140 276 228 322 Cit
259 282 540 334 certamen,
570 277 732 321 excitat
763 290 953 332 pugnam
987 275 1056 319 uel
1089 278 1344 319 commouet.

139 335 570 394 Comptissimus‚
604 336 921 380 ornatissimus.
985 374 990 382 ,

138 394 280 441 Coeo
329 398 553 441 conuenio.

140 431 419 513 Oonln'mio,
449 456 730 513 congregatio
749 455 954 510 sordium,
981 470 1090 511 quae
1110 455 1160 497 fit
1186 471 1237 498 ex
1264 455 1498 498 affluxione
1526 456 1676 499 multa.

101 527 119 556 ⁵
138 514 401 572 Cuniculi,
432 530 567 573 genus
587 515 801 572 quoddam
822 514 1062 570 agrestium
1082 514 1350 571 animalium,
1382 515 1495 570 quod
1522 531 1676 558 canum

196 575 397 632 indagine
429 575 595 619 excludi
627 574 853 618 consueuit
883 574 1114 629 speluncis.

137 634 505 679 Conluebatur.
551 634 694 678 conlui
715 636 794 689 est,
825 634 862 677 si
889 634 1081 677 dicamus
1103 633 1163 676 ‘in
1185 634 1327 676 sinum
1347 634 1480 677 maris
1501 634 1675 678 conlui’.

196 694 290 738 lues
323 694 440 737 enim
471 695 620 750 lapsus
652 694 811 737 dicitur
843 693 1181 736 circumfluentis
1214 694 1429 737 elementi.

136 752 347 810 Clauus,
379 754 594 797 interdum
627 755 790 797 acutus.
827 753 1044 795 interdum
1076 753 1427 808 gubernaculum.

82 826 118 852 ιο
135 812 384 870 capesso,
415 814 666 871 frequenter
696 813 834 869 capio.

134 872 342 917 Cariosi
373 874 582 931 generis
615 873 845 928 soboles,
883 873 1190 915 ueterescentis
1223 873 1395 927 generis
1428 872 1509 915 filii
1543 876 1588 915 et
1618 873 1671 916 ad

191 933 464 989 putredinem
478 932 713 989 redigendi.
745 932 910 975 caries
926 932 1040 974 enim
1060 932 1234 987 proprie
1254 932 1435 988 putredo
1450 932 1671 988 lignorum

192 995 276 1049 est,
308 1008 415 1049 quae
448 993 585 1036 isdem
617 992 763 1035 euenit
792 992 1040 1034 carentibus
1072 991 1247 1034 uirtute.

132 1050 378 1108 Cidarim,
415 1052 615 1108 linteum,
653 1051 767 1108 quod
805 1051 1031 1107 pontifices
1069 1050 1327 1094 Iudaeorum
1370 1051 1439 1094 die
1485 1052 1669 1095 sabbato

83 1124 117 1150 1⁵
195 1127 324 1168 super
355 1115 486 1168 caput
516 1112 682 1154 habent
713 1111 840 1154 ualde
873 1111 1093 1154 mundum.
1512 1120 1515 1122 ’

134 1169 307 1228 Cauit,
339 1172 561 1228 praecepit
591 1171 663 1214 uel
695 1171 836 1213 iussit.

132 1229 309 1286 Catus,
341 1234 511 1286 acutus,
543 1231 746 1286 callidus,
778 1230 971 1286 sapiens,
996 1230 1197 1286 prudens.

131 1289 254 1334 Cum
284 1291 452 1334 uisum
479 1293 559 1333 est
589 1306 668 1346 pro
701 1289 814 1333 ‘cum
846 1289 988 1332 uisum
1020 1288 1164 1332 esset'.
1198 1329 1201 1332 Δ

131 1349 532 1406 Correpserunt,
570 1353 766 1408 correpte
798 1349 985 1405 ingressi
1017 1351 1136 1405 sunt,
1175 1349 1229 1392 ab
1257 1365 1307 1392 eo
1340 1350 1454 1406 quod
1486 1351 1669 1394 dicimus

76 1422 112 1448 2⁰
191 1409 339 1467 ‘repo’.

131 1467 390 1526 Cieretur,
421 1472 652 1513 uocaretur
681 1469 751 1512 uel
783 1471 1047 1512 euocaretur.

130 1528 519 1585 Oelebraretur,
550 1529 669 1571 fama
700 1532 816 1571 esset
847 1529 1048 1584 celebris,
1078 1529 1196 1572 fama
1226 1532 1369 1572 notus.

129 1587 255 1631 Clau
264 1604 292 1632 u
302 1604 322 1631 s
329 1622 341 1645 ‚
371 1589 506 1632 uestis
538 1592 792 1644 purpurata.

129 1647 462 1704 Consiturus,
494 1649 747 1692 inserturus.

221 1842 244 1873 4
269 1849 364 1884 quae
402 1838 445 1874 fit
479 1837 529 1874 G:
567 1848 634 1873 om.
660 1838 721 1883 Pl
744 1849 788 1874 ex
827 1836 1027 1874 affluxione
1066 1837 1118 1873 G:
1156 1837 1218 1873 uel
1255 1836 1471 1874 affluctione
1508 1838 1566 1883 H,
1604 1838 1667 1874 uel

126 1885 280 1922 affluxio
305 1885 342 1921 R
417 1890 438 1922 6
464 1885 620 1922 excludi⁴
637 1885 695 1921 G:
723 1884 894 1922 concludi
922 1885 968 1922 P.
992 1885 1041 1928 cf.
1069 1885 1163 1921 Isid.
1190 1886 1256 1921 Le.
1332 1889 1351 1921 7
1379 1885 1503 1921 conlui
1528 1887 1586 1922 est
1612 1886 1666 1922 P:

126 1932 300 1970 conuolui
326 1935 384 1970 est
403 1933 437 1969 G
458 1934 463 1978 Ι
486 1933 569 1969 sinu
587 1932 721 1969 matris
740 1933 775 1968 G
849 1937 870 1969 9
888 1931 1078 1968 interdum
1097 1934 1229 1969 acutus
1249 1943 1316 1968 om.
1330 1932 1367 1968 R
1455 1938 1496 1968 11
1518 1933 1666 1970 soboles

128 1981 190 2017 Pa
207 1981 285 2017 cod.
306 1981 445 2021 Germa
465 1980 614 2017 suboles
632 1981 687 2024 bv,
708 1980 845 2016 sobolis
864 1992 921 2016 mr
942 1984 947 2023 Ι
969 1979 1234 2016 ueterescentis
1256 1980 1379 2016 vaa:
1405 1980 1665 2018 ueteriscentis

125 2040 172 2071 m,
196 2028 464 2065 ueterascentis
490 2040 542 2064 rw
569 2031 575 2072 1
603 2028 651 2064 ad
676 2027 912 2074 putredinem
944 2028 995 2067 G:
1033 2039 1056 2063 a
1094 2027 1289 2073 putredine
1328 2028 1366 2063 P
1401 2030 1439 2073 (a
1465 2039 1533 2064 om.
1568 2029 1615 2074 0)

129 2080 173 2112 12
198 2075 392 2122 redigendi
412 2075 464 2111 G:
490 2075 676 2122 redigenti
696 2075 777 2120 CH,
803 2075 945 2111 redacti
967 2075 1005 2111 R
1080 2080 1123 2111 14
1150 2074 1315 2111 Cidarim
1334 2075 1380 2110 H
1393 2088 1431 2110 m
1451 2077 1493 2111 in
1511 2087 1664 2112 rasura:

128 2122 320 2160 Cidarim
340 2122 380 2169 0,
400 2122 590 2160 Giddarim
610 2123 655 2167 G,
682 2115 826 2159 Cidaris
846 2122 882 2158 R
903 2124 908 2166 1
930 2122 1088 2159 linteum
1107 2133 1189 2158 nos:
1215 2122 1354 2159 linteus
1374 2125 1432 2159 est
1453 2124 1498 2168 P,
1525 2123 1663 2160 linteus

125 2170 285 2207 mundus
309 2182 342 2216 v,
377 2170 536 2207 linteum
569 2170 748 2206 mundum
782 2182 807 2206 a
834 2172 839 2216 Ι
869 2170 1063 2216 pontifices
1094 2181 1176 2206 nos:
1207 2170 1346 2216 repites
1378 2171 1446 2216 Pv,
1477 2173 1609 2217 gentes
1640 2184 1666 2208 a

125 2218 288 2255 Rabbini
314 2219 403 2254 Mai
555 2222 597 2254 15
621 2218 734 2254 ualde
759 2217 941 2254 mundum
966 2218 1060 2254 HR:
1084 2218 1197 2254 ualde
1222 2217 1365 2254 nudum
1391 2218 1436 2263 0,
1469 2230 1535 2255 om.
1558 2219 1593 2255 G

128 2270 170 2302 17
203 2266 318 2303 Catus
349 2266 402 2302 G:
442 2265 581 2302 Cautus
615 2266 652 2301 P
680 2268 685 2310 Ι
713 2265 775 2302 uel
809 2265 971 2314 prudens
1007 2266 1054 2302 ba
1198 2269 1243 2302 23
1269 2265 1408 2302 clauus
1432 2278 1481 2303 va
1501 2266 1667 2313 Papias:

125 2313 266 2350 Clamis
292 2313 373 2359 CH,
399 2313 578 2360 chlamys
603 2313 650 2359 R,
676 2313 825 2350 Clanius
844 2314 865 2350 b
887 2315 892 2358 Ι
914 2324 1101 2360 purpurea
1127 2313 1164 2358 G'¹
1250 2349 1254 2353 ,

114 2396 121 2404 ,
220 2366 241 2397 5
268 2361 453 2416 cuniculi]
491 2362 585 2397 Isid.
614 2365 766 2406 12,1,24.
823 2360 1008 2405 Cuniculi,
1045 2372 1161 2407 genus
1194 2361 1398 2407 agrestium
1430 2361 1662 2407 animalium,

123 2408 217 2445 dicti
241 2409 347 2455 quasi
372 2409 544 2451 caniculi,
571 2420 615 2445 eo
640 2409 739 2455 quod
759 2419 894 2444 canum
912 2408 1090 2454 indagine
1110 2408 1308 2455 capiantur
1331 2409 1393 2445 uel
1418 2409 1664 2446 excludantur

124 2456 172 2492 ab
197 2456 392 2503 speluncis.
431 2458 476 2501 cf.
505 2457 606 2492 Plin.
627 2457 677 2492 N.
689 2456 742 2493 H.
759 2460 874 2500 5217.
900 2456 1000 2492 Fest.
1029 2456 1140 2493 Paul.
1161 2460 1253 2500 50‚4.
1284 2457 1398 2503 Veqet.
1422 2458 1540 2493 Milit.
1567 2461 1660 2502 4,24.

132 2503 240 2540 Varr.
259 2503 306 2539 R.
321 2504 367 2540 R.
389 2508 480 2549 3,12.
591 2508 612 2540 9
640 2504 784 2550 clauus]
813 2504 939 2540 Plaut.
968 2504 1070 2540 Men.
1092 2508 1208 2549 1,1‚10
1233 2507 1296 2540 etc.
1323 2505 1369 2549 cf.
1390 2505 1485 2540 Isid.
1509 2509 1660 2550 19‚2,12.

127 2554 167 2586 11
215 2551 364 2598 cariosi]
409 2552 455 2596 cf.
498 2552 593 2588 Isia.
639 2556 790 2596 17‚6‚2s.
838 2551 937 2588 Non.
979 2555 1095 2595 2133.
1137 2555 1230 2594 83‚⁷.
1402 2556 1446 2588 14
1485 2551 1659 2608 cidarim]

124 2598 280 2634 Hieron.
312 2598 386 2644 Ep.
426 2603 518 2645 ⁶4,3.
583 2599 757 2636 Summus
794 2599 963 2646 pontifex
1000 2599 1117 2636 habet
1153 2599 1310 2635 cidarim
1348 2601 1388 2635 et
1426 2611 1563 2636 nomen
1597 2600 1658 2636 dei

123 2647 251 2692 portat
278 2645 318 2682 in
348 2645 488 2683 fronte:
519 2647 734 2683 diademate
767 2648 920 2683 ornatus
951 2648 1010 2683 est
1039 2647 1155 2693 regio.
1202 2647 1253 2682 id.
1279 2647 1322 2683 in
1346 2647 1477 2684 Erech.
1504 2651 1657 2692 7,21‚26.

124 2692 268 2730 Cidaris
309 2693 407 2729 enim
446 2694 591 2741 insigne
628 2693 815 2741 pontificis
852 2696 921 2731 est.
979 2695 1073 2730 Isid.
1108 2698 1260 2740 19,30,6.
1319 2694 1463 2731 Cidaris
1501 2697 1540 2731 et
1575 2696 1659 2741 ipsa

123 2741 359 2777 sacerdotum
397 2742 494 2787 erat,
532 2753 628 2788 quae
657 2754 680 2778 a
711 2741 899 2788 plerisque
930 2741 1044 2777 mitra
1072 2744 1240 2778 uocatur.
1270 2742 1329 2779 lib.
1362 2743 1467 2787 yloss.
1513 2742 1658 2779 Cidaris

120 2788 258 2834 pineus
278 2787 521 2826 sacerdotalis
541 2800 585 2826 ex
604 2789 726 2835 bysso.
746 2790 845 2825 hunc
865 2788 999 2825 Graeci
1018 2791 1057 2825 et
1070 2789 1185 2825 nostri
1195 2789 1343 2833 tiaram,
1364 2789 1518 2835 quidam
1538 2790 1654 2826 etiam

122 2835 274 2872 mitram
299 2837 446 2872 uocant.
582 2839 623 2872 17
650 2837 771 2883 catus]
800 2837 928 2873 Plaut.
957 2837 1069 2879 Most.
1089 2840 1217 2881 5,2‚21.
1244 2840 1306 2873 etc.
1332 2837 1379 2881 cf.
1414 2837 1521 2873 Varr.
1547 2837 1592 2872 L.
1610 2837 1654 2873 L.

123 2886 216 2927 ’1,46.
253 2883 351 2918 Non.
374 2887 490 2928 9230.
529 2883 634 2919 Seru.
660 2884 752 2920 Aen.
768 2888 889 2928 ‚1,423.
922 2883 1061 2920 Do‘nat.
1081 2884 1202 2920 Andr.
1229 2888 1358 2928 5,2,14.
1504 2887 1549 2921 19
1574 2896 1656 2921 cor-

122 2930 334 2978 repserunt]
361 2932 407 2977 cf.
435 2941 628 2978 correpere
659 2942 719 2977 ap.
748 2931 875 2968 Plaut.
900 2930 1000 2967 Rud.
1020 2935 1150 2980 a,6,34.
1185 2931 1290 2969 Trin.
1312 2935 1441 2978 2,4,22.
