1898 3294
888 173 1149 213 —.2—-

252 276 466 319 Aeuitas
505 277 676 332 quidem
713 279 859 331 potest
891 277 992 332 dici,
1031 277 1105 319 sed
1142 292 1287 320 rarum
1326 279 1402 319 est.
1459 277 1505 319 in
1530 293 1610 320 usu
1640 279 1781 335 magis

290 337 577 390 perpetuitas
609 336 679 377 uel
719 336 954 378 aeternitas
980 311 1155 378 ’dicitun
1211 351 1387 378 aeuum
1427 339 1571 379 autem
1611 338 1781 392 generis

312 395 455 436 neutri
488 397 564 437 est.

252 453 391 495 Auus
423 456 545 508 pater
575 454 713 508 patris
745 457 823 496 est.
872 469 1095 509 proauus
1129 454 1198 496 aui
1230 457 1366 509 pater.
1417 457 1598 497 atauus
1629 455 1783 510 proaui

313 515 450 567 pater.
499 513 727 555 tritauus
760 514 878 555 ataui
910 517 1045 568 pater.

255 571 579 613 Alterutrum
605 575 679 614 aut
704 572 786 614 hoc
813 575 889 614 aut
914 572 1041 627 illud,
1073 575 1148 614 aut
1175 576 1404 628 utrumque
1431 573 1659 627 significat.
1709 572 1783 615 sed

311 631 453 685 magis
486 631 590 673 duas
623 633 770 685 partes
802 631 947 674 habet.
1164 665 1166 670 ,

251 689 363 731 Alii
396 690 624 731 scribimus
658 690 938 744 singulariter
970 690 1117 732 dativo
1151 704 1269 744 casu,
1300 694 1348 732 ut
1379 691 1429 732 de
1462 689 1655 733 Catilina
1687 689 1782 733 Sal-

311 749 468 790 lustius
495 749 621 790 dicit:
649 748 828 790 eMultos
849 749 1052 790 iuuenum
1072 749 1303 803 pellicebat
1329 750 1510 791 diuersis
1532 750 1782 791 inlecebris:

201 821 233 845 ιο
312 808 388 849 alii
426 811 569 849 scorta
613 808 838 862 praebere,
895 807 971 850 alii
1016 822 1147 863 equos
1192 809 1392 862 mercari,
1437 809 1512 850 alii
1557 823 1682 850 canes
1728 809 1781 850 ad

311 866 585 908 uenandum’.

252 926 469 977 Aruina,
500 926 727 981 pinguedo.

250 984 529 1026 Altilitate
570 986 624 1027 ab
658 985 830 1039 alendo,
862 985 906 1027 id
938 987 1004 1027 est
1034 985 1130 1040 ipsa
1161 999 1247 1039 res,
1280 999 1387 1040 quae
1420 985 1563 1027 alitur.

249 1043 388 1097 Acti,
420 1044 577 1099 coacti,
609 1044 834 1098 compulsi.

198 1115 230 1140 15
249 1103 552 1158 Autumant,
585 1106 802 1158 asserunt,
834 1103 1091 1146 confirmant
1122 1103 1192 1145 uel
1225 1103 1491 1145 adseuerant.

251 1162 556 1216 Auspicium
594 1165 660 1205 est
698 1163 870 1204 initium
902 1163 1082 1204 alicuius
1120 1162 1200 1216 rei,
1239 1177 1322 1217 quo
1359 1162 1499 1216 primo
1539 1163 1670 1204 sumit
1711 1177 1779 1205 ex-

310 1221 499 1276 ordinm,
536 1222 580 1263 id
620 1224 686 1263 est
722 1221 952 1263 inchoatur
996 1224 1045 1263 ut
1088 1222 1177 1262 fiat.
1240 1223 1305 1263 est
1343 1224 1488 1263 autem
1527 1222 1778 1276 auspicium,

310 1281 422 1335 quod
466 1295 566 1323 aues
611 1281 681 1322 uel
726 1281 932 1324 animalia
975 1281 1160 1335 paganis
1194 1280 1428 1335 auguribus
1470 1281 1780 1335 demonstrant,

308 1340 419 1381 unde
457 1339 604 1381 futura
647 1343 895 1382 noscuntur.
959 1342 1057 1381 sunt
1095 1339 1231 1394 igitur
1268 1340 1383 1381 bona
1422 1340 1632 1394 auspicia,
1670 1354 1779 1395 quac

195 1410 228 1435 20
309 1401 469 1453 cogunt
500 1413 568 1440 res
600 1399 821 1453 inchoare,
855 1402 956 1441 sunt
986 1399 1120 1453 mala,
1153 1413 1261 1453 quae
1292 1397 1538 1452 prohibent.

248 1457 410 1499 Actae
449 1458 646 1500 dicuntur
690 1458 786 1500 loca
830 1461 996 1500 secreta
1042 1458 1155 1499 circa
1193 1472 1331 1512 mare,
1371 1457 1414 1499 id
1453 1460 1519 1498 est
1556 1458 1601 1499 in
1639 1458 1779 1512 litore,

307 1532 489 1559 amoena
521 1519 564 1559 et
595 1517 854 1572 uoluptaria.

342 1722 362 1751 2
389 1719 455 1752 aut
488 1717 689 1752 aeternitas
717 1717 751 1752 G
859 1722 879 1752 6
906 1718 972 1752 aut
995 1717 1065 1753 hoc
1091 1716 1143 1751 G.
1170 1727 1236 1751 om.
1266 1716 1302 1750 P
1333 1718 1338 1760 Ι
1373 1715 1567 1761 significat.
1601 1715 1665 1751 sed
1689 1726 1778 1751 nos.-

246 1763 537 1809 significationes
563 1766 652 1799 libri
772 1768 792 1799 9
819 1764 1036 1810 pelliciebat
1061 1763 1097 1798 R
1219 1768 1262 1798 12
1297 1763 1437 1798 Aruina
1463 1764 1577 1808 adeps
1604 1765 1670 1798 aut
1693 1763 1777 1809 pin—

245 1812 366 1857 guedo
394 1812 427 1846 G
537 1816 579 1847 13
606 1811 795 1847 Altilitate
822 1812 860 1855 Ο,
887 1811 996 1846 Altili
1022 1811 1109 1846 dote
1134 1807 1248 1845 Koch.
1287 1811 1506 1845 uocabulum
1529 1821 1604 1845 ‘non
1630 1811 1777 1846 uidetur

245 1869 375 1894 sanum
408 1870 478 1894 esse
577 1863 618 1894 15
645 1861 813 1894 asserunt
839 1841 888 1894 G:
921 1859 1081 1894 afferunt
1113 1858 1151 1901 O,
1183 1857 1343 1893 efferunt
1368 1857 1445 1892 HR
1544 1862 1586 1893 16
1617 1869 1690 1902 quo
1725 1858 1774 1893 G·

246 1917 340 1951 quae
369 1907 405 1940 P
489 1910 531 1941 17
559 1907 615 1942 est
633 1907 760 1942 autem
787 1906 830 1941 C.
857 1907 914 1941 est
938 1907 977 1941 et
996 1905 1083 1949 HR,
1110 1907 1148 1940 et
1174 1907 1231 1940 est
1251 1905 1285 1940 G
1372 1909 1413 1940 18
1440 1905 1500 1939 uel
1525 1904 1703 1940 animalia
1723 1905 1773 1940 G:

245 1953 470 2036 animalibyus
498 1954 558 1998 ΡΙ
581 1952 783 1999 auguribus
808 1953 902 1988 HR:
934 1952 1084 1988 auribus
1117 1952 1182 1987 OG
1301 1957 1343 1987 21
1377 1953 1491 1987 Actae
1523 1964 1562 1987 a:
1594 1953 1686 1988 Acte
1721 1953 1775 1998 bv,

247 2001 383 2036 Actues
433 2028 444 2043 ‚
470 2002 565 2036 Acta
582 2001 619 2035 R

342 2075 359 2105 1
387 2071 544 2118 aeuitas]
579 2072 624 2116 cf.
669 2072 775 2107 Varo:
808 2071 853 2106 L.
879 2072 923 2106 L.
951 2075 1044 2115 6,11.
1086 2071 1185 2107 Non.
1213 2075 1327 2114 192,6.
1372 2070 1475 2106 Seru.
1508 2070 1600 2106 Aen.
1627 2074 1742 2114 6364.

245 2123 268 2153 4
296 2118 400 2164 auus]
437 2119 562 2155 Plaut
598 2120 684 2155 Mil.
716 2123 844 2164 2,,.42Ο
876 2123 908 2154 et
941 2119 1178 2163 Pers.1,2,5.
1224 2118 1321 2153 Nam
1353 2128 1543 2163 nunquam
1578 2117 1775 2163 quisquam

246 2177 413 2202 meorum
437 2166 621 2202 maiorum
646 2167 733 2211 fuit,
761 2165 856 2209 Quin
881 2166 1120 2212 parasitando
1151 2165 1323 2211 pauerint
1347 2167 1494 2200 uentres
1518 2176 1620 2210 suos,
1646 2164 1773 2210 Pater,

247 2224 352 2258 auos,
378 2224 555 2259 pr,oauos
592 2214 748 2257 abauos,
775 2216 923 2257 atauos,
954 2214 1121 2248 tritauos.
1219 2216 1240 2248 8
1266 2212 1349 2258 alii]
1378 2212 1504 2247 Plaut.
1533 2212 1619 2246 Mil.
1645 2216 1773 2256 4,2,.84

246 2265 375 2304 4‚,847.
418 2261 531 2296 Truc:
553 2265 608 2305 42
613 2265 680 2304 31
719 2261 765 2304 cf.
785 2261 899 2303 Neue,
915 2242 1102 2295 'Formenl
1123 2260 1158 2295 d.
1179 2261 1201 2294 l.
1223 2259 1306 2304 Spr.
1333 2259 1427 2304 Hp.
1451 2263 1529 2294 157.
1575 2258 1664 2294 Sall.
1693 2259 1772 2294 Cat.

249 2312 303 2351 14,
307 2313 338 2343 6.
379 2308 451 2343 Sed
470 2319 642 2344 maxume
662 2308 957 2343 adulescentium
976 2307 1249 2343 familiaritates
1270 2307 1489 2352 adpetebat:
1516 2317 1643 2342 eorum
1657 2306 1773 2342 animi

246 2355 376 2390 molles
409 2356 564 2402 [aetate]
611 2357 649 2390 et
685 2355 773 2390 fluxi
811 2355 907 2390 dolis
933 2356 1026 2390 haut
1058 2354 1258 2390 difficulter
1295 2354 1547 2399 capiebantur.
1598 2354 1695 2389 Nam
1729 2355 1773 2389 ut

247 2402 425 2447 cuiusque
452 2403 617 2438 studium
642 2414 686 2438 ex
712 2404 836 2438 aetate
861 2402 1064 2448 flagrabat,
1090 2401 1173 2437 aliis
1198 2403 1319 2437 scorta
1342 2401 1536 2447 praebere,
1563 2400 1646 2436 aliis
1671 2400 1772 2436 canis

246 2451 359 2495 atque
391 2461 505 2495 equos
535 2450 693 2485 mereari
729 2453 791 2485 etc.
932 2454 973 2485 12
1007 2430 1152 2494 arilina]
1186 2448 1283 2484 Fest.
1312 2448 1421 2483 Paul.
1449 2451 1565 2491 2Ο,19.
1615 2446 1770 2492 Aruilla,

246 2496 394 2541 aruina‚
420 2497 459 2532 id
485 2499 541 2533 est
565 2497 753 2543 pinguedo
779 2497 955 2543 corporis.
1000 2496 1103 2532 Seru.
1124 2497 1215 2531 Aen.
1243 2500 1262 2531 7
1267 2499 1373 2541 ,6.27
1402 2494 1543 2530 Aruina
1568 2476 1771 2530 secundun}

247 2526 465 2584 Suetonium
495 2545 534 2580 in
565 2545 662 2580 libro
694 2545 739 2580 de
764 2545 867 2580 uitiis
897 2543 1166 2590 corporalibus:
1205 2543 1360 2578 ‘Aruina
1384 2543 1440 2578 est
1464 2542 1596 2577 durum
1621 2543 1770 2588 pingue,

246 2591 346 2636 quod
372 2594 429 2627 est
453 2591 551 2627 inter
575 2593 698 2627 cutem
724 2593 763 2627 et
786 2591 939 2627 uiscus’.
989 2591 1064 2626 Alii
1097 2590 1248 2626 aruinae
1273 2590 1420 2626 nomine
1445 2589 1605 2624 laridum
1630 2589 1770 2625 dicunt.

247 2639 342 2674 Isid
358 2643 506 2683 11,1,81.
551 2639 693 2674 Aruina
717 2640 774 2674 est
804 2638 991 2684 pinguedo
1024 2638 1101 2674 cuti
1130 2638 1347 2673 adhaerens.
1383 2637 1444 2673 lib.
1475 2637 1579 2682 91033.
1617 2636 1770 2680 Aruina,

247 2697 332 2721 caro
357 2668 485 2722 ferina.
525 2687 571 2730 cf.
598 2686 695 2721 Suet.
721 2686 800 2741 sz.
826 2687 879 2721 ed.
905 2685 1114 2730 Reiffersch.
1130 2689 1245 2729 272,1.
1364 2689 1406 2719 14
1432 2683 1521 2728 acti]
1547 2683 1651 2719 Seru.
1677 2684 1768 2718 Aen.

248 2737 302 2778 10,
307 2737 386 2769 708.
423 2734 549 2778 Actus,
577 2736 726 2769 coactus
750 2733 787 2769 in
812 2733 918 2769 retia.
947 2734 994 2777 cf.
1021 2733 1126 2768 eund.
1153 2733 1202 2767 ad
1227 2736 1260 2775 5,
1264 2735 1343 2767 793.
1369 2735 1431 2766 et7
1437 2735 1645 2775 ,42.15
1665 2731 1769 2766 autu-

246 2781 366 2827 mant]
397 2792 434 2815 u.
468 2783 659 2816 autumare
688 2782 829 2825 passim
854 2792 912 2825 ap.
947 2780 1135 2815 Plautum.
1169 2779 1213 2823 cf.
1233 2760 1490 2824 Gell.15,3,.4
1528 2778 1626 2813 Non.
1652 2781 1767 2821 2373.

290 2832 332 2862 16
359 2827 580 2874 auspicium]
613 2828 739 2863 Plaut.
768 2829 868 2863 Men.
891 2832 922 2873 7,
926 2832 946 2862 9
950 2831 1006 2873 ,88
1021 2831 1082 2864 etc.
1163 2831 1205 2861 21
1233 2826 1355 2872 actae]
1369 2827 1415 2870 cf.
1435 2826 1538 2861 Seru.
1558 2825 1648 2860 Aen.
1663 2826 1767 2868 5,613

247 2875 307 2910 lib.
333 2876 436 2920 91033.
463 2878 536 2920 (p).·
563 2877 711 2919 Actae,
737 2875 858 2919 litora,
884 2875 967 2911 loca
991 2885 1159 2920 amoena,
1183 2874 1274 2910 ibid.
1299 2874 1431 2920 Acta,
1457 2873 1539 2918 ripa
1562 2882 1768 2916 nemorosa,

246 2923 334 2959 ibid.
361 2924 482 2968 Acta,
508 2933 670 2959 secessus
694 2933 880 2959 amoenus.
