1898 3294
217 799 249 823 10

218 1095 249 1119 15

219 1393 254 1416 20

880 151 1171 192 —16—

322 258 370 297 ut
413 254 525 311 apud
569 254 826 310 Virgilium:
876 254 1012 298 ‘arma
1054 256 1280 311 uirumque
1330 255 1452 299 cauo'
1498 270 1665 300 comma
1713 259 1790 300 est.

272 346 275 349 .
321 314 490 357 ‘Troiae
524 314 596 369 qui
615 316 778 369 primus
800 314 853 356 ab
887 314 989 357 oris'
1022 329 1191 358 comma
1222 318 1300 358 est.
1350 314 1541 358 ‘Italiam
1571 315 1662 359 fato
1692 330 1792 372 pro-

322 372 466 428 fugus’
489 373 594 414 item
614 387 782 415 comma
802 376 879 415 est.
925 374 987 416 sic
1010 389 1229 430 quousque
1249 374 1526 429 peruenietur
1545 374 1600 417 ad
1618 374 1791 430 plenam

324 432 603 487 sententiam,
634 435 684 474 ut
702 435 800 475 ”estz
839 432 1120 489 tLauiniaque
1151 433 1272 475 uenit
1300 432 1447 476 litora'
1479 433 1523 475 id
1554 436 1621 476 est
1652 433 1792 476 ‘illum

331 506 436 533 cano
469 491 542 546 qui
573 492 692 534 uenit
723 492 775 534 ad
805 491 989 534 Lauinia
1019 492 1177 535 litora'.

263 549 543 605 Compedes
575 554 679 605 puto
713 551 853 606 magis
886 552 1056 606 generis
1088 552 1286 594 feminini
1317 566 1422 607 esse,
1453 554 1502 594 ut
1533 551 1586 593 ad
1618 554 1792 594 catenas

321 609 497 651 referas.
547 625 648 652 nam
686 611 860 665 pedicae
899 611 942 652 id
981 613 1046 652 est
1084 625 1192 665 quae
1229 610 1358 666 pedes
1397 611 1592 666 capiunt,
1623 610 1793 666 generis

323 669 520 710 feminini
560 671 672 711 sunt.
728 670 838 711 unde
877 671 920 711 et
959 670 1202 725 compedes,
1241 685 1349 725 quae
1380 670 1623 725 impediunt
1653 669 1795 726 pedes,

326 730 401 769 aut
432 728 628 770 manicae
660 743 832 771 reorum
863 728 1071 770 feminino
1109 729 1195 771 dici
1232 728 1390 771 debent
1422 742 1591 785 genere.
1641 728 1795 772 ‘Grata

327 787 542 829 continuit
575 787 794 842 compede'
826 786 1036 830 Horatius
1068 788 1183 830 dicit.

268 845 578 888 Condictum
619 847 815 889 absolute
855 846 1091 889 dicendum.
1146 847 1415 890 condictus
1452 861 1554 890 uero
1593 849 1668 889 aut
1704 819 1794 890 dies

321 908 399 951 aut
430 905 560 947 locus.
598 926 609 928 ’-

266 963 523 1006 0361111113
557 967 623 1007 est
649 966 818 1020 generis
839 966 1068 1008 masculini
1088 968 1132 1008 et
1151 965 1390 1008 declinatur
1411 965 1618 1009 ‘cucullus
1639 966 1796 1009 cuculli

325 1024 493 1066 cucullo
527 1024 743 1066 cucullum
762 1025 927 1067 cuculle
959 1041 984 1068 a
1011 1024 1206 1068 cucullo’.
1252 1028 1295 1068 et
1314 1025 1543 1081 pluraliter
1575 1025 1637 1068 sic
1667 1025 1794 1068 decli-

328 1086 467 1125 natur.

267 1141 621 1198 Contendunt,
658 1144 981 1186 contentionem
1020 1143 1200 1198 habent,
1240 1144 1311 1193 uel
1347 1144 1598 1200 prodocent,
1629 1144 1699 1187 uel
1730 1159 1795 1187 as·

327 1205 487 1244 serunt.

268 1259 514 1316 Corrigia
529 1276 549 1302 e
583 1277 607 1303 a
627 1262 755 1304 coriis
779 1265 986 1304 uocantur
1005 1262 1075 1304 uel
1096 1277 1122 1304 a
1141 1262 1419 1317 colligatione
1441 1263 1563 1318 quasi
1582 1262 1798 1318 colligiae.

269 1319 484 1363 Culleus
524 1334 679 1388 genere
718 1321 958 1364 masculino
994 1321 1219 1377 geminato
1259 1322 1274 1362 1
1317 1322 1487 1365 dicitur.
1545 1324 1610 1363 est
1653 1325 1798 1365 autem

332 1382 428 1422 uter
461 1394 511 1421 ex
543 1381 660 1422 corio
692 1381 845 1436 factus,
876 1381 922 1422 in
942 1395 1025 1437 quo
1045 1381 1284 1435 parricidae
1317 1395 1413 1445 cum
1446 1381 1572 1423 simia
1604 1383 1647 1423 et
1677 1381 1797 1436 gallo

329 1443 372 1481 et
405 1441 601 1494 serpente
633 1440 789 1482 inclusi
819 1441 865 1482 in
896 1455 1013 1482 mare
1044 1440 1326 1495 proiciuntur.

271 1498 303 1541 C
313 1499 531 1554 atinum,
562 1514 638 1541 uas
666 1499 812 1555 fictile,
844 1500 998 1541 melius
1023 1502 1176 1541 neutro
1197 1499 1377 1541 dicimus
1399 1515 1528 1555 quam
1548 1499 1798 1542 masculino.

328 1573 430 1600 nam
468 1560 511 1599 et
549 1558 771 1601 salinum
809 1559 965 1601 dicitur
1002 1558 1140 1600 nihilo
1179 1559 1320 1601 minus
1351 1561 1504 1601 neutro
1537 1574 1613 1602 uas
1647 1561 1798 1614 aptum
1878 1576 1886 1584 ·

330 1618 506 1660 salibus.
558 1620 601 1659 et
632 1618 786 1660 melius
820 1619 881 1660 sic
914 1618 1094 1660 dicimus
1128 1633 1257 1674 quam
1289 1618 1470 1661 catinus.

366 1775 386 1806 2
413 1770 532 1806 troiae
551 1770 615 1816 qui
634 1770 774 1816 primus
795 1770 842 1806 ab
862 1771 935 1806 oris
955 1782 1100 1807 comma
1118 1772 1176 1806 est
1195 1771 1245 1806 G:
1271 1781 1337 1807 om.
1354 1771 1392 1806 P
1497 1775 1517 1806 3
1543 1770 1635 1806 item
1655 1780 1799 1806 comma

272 1821 329 1855 est
348 1830 414 1854 om.
427 1819 461 1854 G
482 1820 487 1863 Ι
510 1818 563 1854 sic
583 1829 775 1864 quousque
797 1818 851 1853 P:
872 1819 996 1864 sicque
1016 1829 1133 1864 usque
1154 1818 1188 1853 G
1210 1821 1214 1863 Ι
1235 1818 1474 1863 peruenietur
1493 1828 1574 1854 nos:
1606 1817 1800 1863 perueniet

274 1867 319 1911 P,
344 1865 584 1912 perueniatur
609 1865 643 1900 G
776 1870 795 1901 7
821 1866 958 1902 referas
986 1867 1037 1901 P:
1062 1866 1223 1901 refertur
1248 1866 1282 1901 G
1407 1869 1428 1901 8
1453 1865 1663 1911 impediunt
1685 1865 1800 1911 pedes

273 1915 325 1950 P:
374 1913 489 1959 pedes
534 1913 686 1958 capiunt
724 1912 758 1948 G
902 1917 922 1949 9
961 1913 1098 1949 debent
1131 1913 1183 1948 R:
1217 1913 1351 1948 debeat
1388 1913 1444 1956 H,
1494 1913 1657 1949 debeant
1693 1912 1727 1947 G

274 1966 315 1997 11
344 1961 536 1996 condictus
562 1971 649 1996 uero
676 1960 726 1995 G:
760 1960 932 1996 condicta
956 1972 1044 1996 uero
1069 1960 1123 2006 R,
1157 1960 1373 1996 condictaue
1399 1960 1444 1995 H
1584 1963 1628 1995 14
1654 1959 1799 1995 cucullo

273 2009 459 2044 cucullum
491 2008 588 2043 va:
633 2019 698 2044 om.
726 2008 771 2042 H
800 2009 805 2052 Ι
839 2009 983 2044 cuculle
1008 2009 1060 2043 R:
1093 2019 1114 2043 0
1148 2008 1291 2043 cuculle
1318 2007 1369 2051 G,
1399 2018 1464 2044 om.
1491 2008 1537 2042 H
1565 2008 1571 2052 Ι
1602 2019 1625 2043 a
1655 2007 1800 2043 cucullo

275 2057 328 2091 P:
365 2055 509 2092 cucullo
535 2055 569 2090 G
715 2060 758 2091 16
782 2056 986 2101 prodocent
1013 2057 1063 2090 P:
1094 2056 1298 2101 perducent
1323 2055 1401 2098 bva,
1431 2055 1641 2101 perducunt
1674 2066 1730 2090 mr

277 2108 320 2140 18
347 2103 587 2148 colligatione
613 2103 706 2138 Isicz.
735 2104 757 2138 Ζ
784 2114 829 2140 6..
822 2118 830 2125 ·
857 2103 1075 2139 collectione
1095 2102 1380 2147 R,001ectione
1405 2103 1450 2137 H
1466 2104 1472 2147 1
1493 2102 1666 2148 colligiae
1686 2101 1800 2137 Isids:

275 2151 410 2196 collige
439 2151 476 2185 P
569 2154 615 2186 20
639 2152 723 2186 uter
748 2150 798 2186 G:
825 2162 892 2186 om.
920 2151 957 2185 P
1051 2155 1094 2186 21
1122 2131 1224 2186 mare
1252 2150 1330 2186 Pa:
1356 2150 1450 2185 mari
1475 2151 1554 2185 bvm
1576 2150 1580 2186 Ι
1602 2149 1800 2195 proiiciun-

274 2201 336 2234 tui
361 2198 418 2232 H:
444 2197 686 2243 proiciuntur.
731 2197 841 2233 aliter
864 2198 1210 2244 praecipitabantur
1233 2197 1280 2242 R,
1305 2187 1649 2243 praecipitabantur
1673 2197 1708 2231 G

276 2251 320 2281 22
349 2245 523 2281 Casinum
555 2245 600 2279 H
715 2249 760 2281 23
785 2257 851 2281 uas
877 2246 990 2281 Isida
1023 2245 1127 2291 quasi
1153 2246 1240 2280 libri
1359 2248 1405 2280 24
1431 2244 1574 2280 catinus
1599 2245 1638 2279 et
1661 2243 1800 2279 salinus

275 2294 351 2329 cod.
376 2304 483 2338 961111..

372 2345 392 2375 6
419 2340 633 2386 compedes]
657 2340 1021 2383 Plaut.Men.1,1,4
1041 2343 1102 2377 etc.
1128 2340 1174 2383 cf.
1193 2339 1291 2375 Non.
1312 2343 1404 2383 282.
1431 2339 1526 2375 Isid.
1548 2342 1640 2383 5,,27
1645 2343 1676 2375 7.
1697 2337 1800 2374 S'em.

277 2389 550 2433 660191,307
681 2391 722 2422 11
755 2387 983 2433 condictum]
1018 2388 1143 2423 Plaut.
1178 2387 1284 2424 C'wrc.
1311 2390 1414 2432 1,1,5.
1452 2386 1550 2422 Fest.
1578 2386 1688 2421 Paul.
1709 2389 1802 2428 39‚.1

277 2436 496 2471 Condictum
523 2435 595 2479 est,
628 2435 727 2480 quod
756 2435 796 2470 in
821 2446 1014 2470 commune
1046 2438 1103 2470 est
1129 2435 1280 2471 dictum.
1306 2435 1352 2478 cf.
1378 2435 1484 2470 hund
1511 2438 1626 2477 64,16.
1652 2437 1685 2468 et
1709 2436 1802 2476 66,.4

327 2488 370 2519 18
403 2482 599 2528 corrigiae]
628 2499 672 2511 =
699 2483 792 2518 Isid.
827 2486 882 2526 19,
887 2486 942 2526 34,
947 2486 1001 2517 13.
1036 2483 1081 2526 cf.
1113 2482 1290 2527 Papizam
1329 2481 1517 2526 Corrigiae
1556 2492 1579 2516 a
1609 2481 1710 2516 corio
1741 2459 1802 2515 1161

279 2530 492 2576 colligando
512 2529 619 2584 quasi
640 2529 823 2575 colligiae.
855 2530 919 2566 sed
938 2529 1072 2565 melius
1092 2529 1202 2565 docti
1213 2529 1385 2565 deriuant
1403 2540 1426 2564 a
1438 2528 1585 2564 uerbo‘
1591 2527 1802 2573 corrigere’,

279 2578 367 2624 quia
392 2577 572 2622 corrigiae
598 2577 733 2622 pedem
757 2578 819 2613 uel
842 2577 966 2622 potius
991 2577 1283 2623 calceamentum
1308 2577 1452 2630 regunt.
1573 2579 1618 2611 19
1644 2574 1801 2620 culleus]

279 2627 325 2670 cf.
357 2625 455 2661 Fest.
482 2628 573 2678 60,7.
610 2625 709 2660 Non.
737 2628 816 2669 197,
820 2628 876 2661 22.
914 2625 974 2659 lib.
1015 2625 1121 2678 yloss3
1169 2622 1318 2659 Culleus
1353 2623 1481 2659 tunica
1524 2634 1568 2658 ex
1605 2624 1731 2669 sparto
1763 2621 1803 2657 in

279 2673 429 2708 modum
456 2683 494 2707 61
497 2683 576 2707 oms
601 2672 712 2717 facta,
738 2683 834 2717 quae
858 2671 1061 2707 liniebatur
1084 2671 1166 2717 pice
1192 2672 1231 2706 et
1254 2670 1446 2715 bitumine,
1477 2669 1516 2705 in
1541 2682 1616 2716 qua
1638 2669 1802 2705 include-

279 2721 416 2756 bantur
440 2719 660 2764 parricidae.
711 2719 802 2755 Cum
828 2719 947 2764 simia,
973 2720 1142 2773 serpente
1167 2719 1206 2754 et
1230 2718 1331 2764 gallo
1356 2718 1472 2754 insuti
1496 2717 1742 2754 mittebantur
1763 2715 1802 2752 in

280 2778 380 2803 mare
415 2770 458 2802 ut
489 2766 799 2802 contendentibus
831 2766 929 2802 inter
963 2777 1000 2802 se
1036 2765 1129 2812 ipsis
1166 2765 1416 2802 animantibus
1455 2766 1566 2800 homo
1599 2763 1802 2800 maioribus

280 2815 408 2861 poenis
440 2813 660 2850 afficeretur.
810 2818 855 2849 22
881 2813 1061 2860 catinum]
1094 2814 1188 2850 Isid.
1221 2817 1348 2858 20,,.65
1381 2812 1553 2848 catinum
1582 2823 1648 2847 uas
1677 2810 1803 2856 fictile,

281 2863 381 2907 quod
414 2861 548 2896 melius
584 2872 719 2908 genere
756 2862 887 2897 neutro
919 2861 1056 2896 dicitur
1079 2872 1191 2906 quam
1216 2860 1432 2905 masculino,
1462 2860 1558 2896 sieut
1581 2861 1620 2894 et
1643 2857 1802 2894 salinum

281 2911 416 2945 dicitur
439 2921 506 2944 uas
531 2911 659 2955 aptum
686 2908 835 2944 salibus
862 2909 908 2953 cf.
936 2909 1043 2944 Uarr.
1057 2908 1101 2946 L
1115 2909 1159 2945 L
1181 2912 1296 2952 9,120.
1324 2908 1464 2943 Charis.
1490 2907 1507 2942 I
1526 2910 1582 2950 79,
1584 2910 1639 2941 23.
1659 2905 1710 2945 Κ,
