1898 3294
773 175 1035 218 -3-

133 282 312 326 Ausim
334 284 513 327 uerbum
534 287 601 326 est
621 283 870 340 promissiui
893 282 1020 337 modi,
1052 286 1101 325 ut
1120 283 1156 325 si
1177 282 1294 325 dicas
1328 281 1485 326 ‘ausim
1517 282 1673 326 dicere’

194 341 351 387 ‘ausim
389 342 607 387 recitare’:
646 344 766 387 cuius
814 346 880 384 est
926 342 1047 385 uerbi
1088 343 1229 398 prima
1273 356 1457 397 persona
1505 340 1673 386 ‘audeo’

194 406 239 445 et
270 402 429 445 dicitur
461 403 600 446 ausim
634 402 751 445 ausis
785 402 901 444 ausit
933 402 1001 444 uel
1035 402 1223 444 audebit.

134 461 387 505 Aesculus
432 462 601 505 arboris
646 475 803 504 nomen
838 464 914 503 est
960 460 1232 515 glandariae,
1278 460 1333 502 ab
1380 475 1506 504 aesca
1544 460 1673 516 dicta,

102 538 119 563 a
198 521 313 578 quod
351 525 452 564 ante
494 536 617 564 usum
655 520 862 563 frumenti
900 519 1005 562 haec
1043 520 1174 562 arbor
1214 520 1378 562 uictum
1417 521 1673 564 mortalibus

194 581 444 637 praebebat.

133 638 320 683 Arctos
359 643 426 683 est
463 640 593 683 stella
630 655 754 683 ursae
787 640 831 682 in
864 639 1158 710 septentrione
1198 639 1355 694 posita.
1417 653 1574 682 nomen
1607 643 1675 682 est

192 712 414 755 graecum,
449 700 550 756 quia
576 715 678 743 ursa
705 713 858 755 graece
885 695 1046 753 ἄρκτος
1070 698 1240 741 dicitur.
1290 712 1394 759 ergo
1421 713 1499 755 pro
1533 699 1674 742 stellis

192 760 625 815 septentrionalibus,

81 837 114 862 ιο
133 817 457 874 Amphitrite
488 822 556 862 est
586 819 667 862 dea
697 819 848 872 maris,
880 820 1082 861 matrona
1112 817 1318 874 Neptuni.

132 877 351 934 Alapari
384 882 451 922 est
483 879 634 935 alapas
667 878 838 932 minari,
871 877 913 920 id
945 882 1010 920 est
1028 877 1204 920 foedam
1236 880 1280 920 et
1312 877 1546 933 superbam
1581 893 1674 922 cae-

191 937 306 993 dem;
339 938 408 981 uel
439 953 517 994 pro
550 938 771 981 iactantia.

133 995 380 1040 Adoleuit
411 998 592 1041 uerbum
624 1000 701 1053 est,
734 997 848 1053 quod
875 995 1044 1039 creuit'
1077 996 1308 1052 significat.
1371 996 1524 1039 adoleo
1559 998 1675 1040 enim

192 1060 259 1099 est
295 1072 459 1112 cresco,
498 1058 608 1101 unde
641 1057 810 1100 adulti
848 1056 1051 1100 dicuntur
1088 1056 1264 1099 iuuenes
1298 1057 1343 1099 in
1375 1055 1480 1098 flore
1513 1057 1673 1100 aetatis

82 1129 113 1154 15
192 1119 237 1159 et
268 1117 313 1159 in
344 1120 562 1160 cremento
594 1117 689 1174 ipso
721 1116 870 1173 positi.

131 1175 424 1234 Admodum,
461 1177 599 1220 ualde.
652 1176 906 1219 aduerbium
944 1178 1009 1218 est
1048 1176 1373 1232 comprobantis
1412 1175 1482 1218 uel
1522 1176 1674 1232 adpro·

190 1235 355 1279 bantis.

132 1293 352 1350 Adorea‚
382 1297 506 1352 panis
539 1297 590 1339 de
623 1296 754 1339 adore
786 1298 830 1338 et
861 1296 957 1338 laus
991 1294 1162 1338 bellica.

132 1353 434 1411 Adsentiae,
472 1356 813 1410 adsentationes,
852 1355 895 1398 id
935 1357 1002 1397 est
1040 1354 1360 1397 consensiones.
1407 1356 1455 1397 ut
1493 1355 1530 1397 si
1576 1355 1672 1411 quis

78 1427 114 1451 2⁰
191 1414 273 1456 tibi
305 1415 498 1471 aliquam
535 1430 626 1458 rem
657 1414 774 1458 dicat
812 1417 856 1457 et
887 1418 935 1457 tu
966 1414 1036 1456 illi
1068 1413 1307 1470 adsentias,
1346 1414 1467 1469 ipsae
1499 1429 1568 1457 res
1601 1415 1672 1458 ad-

191 1475 356 1517 sentiae
387 1478 701 1530 nuncupantur.

131 1532 359 1577 Achates
398 1535 509 1590 lapis
550 1538 616 1578 est
653 1535 791 1577 ueluti
830 1534 1010 1590 galbani
1044 1533 1201 1576 coloris
1236 1534 1280 1575 in
1312 1532 1499 1589 Achate,
1539 1533 1674 1577 fluuio

191 1592 379 1649 Siciliae,
404 1594 639 1650 plurimum
665 1609 861 1649 nascens,
885 1594 939 1636 ad
966 1593 1155 1649 gratiam
1180 1593 1404 1648 pertinens
1438 1597 1481 1636 et
1513 1593 1675 1637 Veneri

191 1657 479 1697 consecratus.

226 1799 247 1830 2
272 1794 392 1831 ausim
418 1794 575 1831 recitare
595 1796 645 1830 G:
673 1807 803 1831 ausum
822 1806 846 1830 a
865 1793 1062 1830 cereritate
1095 1794 1132 1839 C,
1159 1793 1278 1830 ausim
1304 1805 1327 1829 a
1346 1794 1506 1831 cecitate
1526 1794 1579 1838 H,
1605 1805 1674 1831 om.

131 1842 168 1878 R
264 1847 285 1879 3
306 1845 346 1879 et
363 1842 502 1878 dicitur
521 1854 592 1888 pa·
620 1843 660 1878 et
678 1842 771 1878 dicit
790 1842 924 1884 Hva,
950 1841 1044 1878 dicit
1062 1842 1093 1876 C
1113 1843 1117 1886 Ι
1139 1841 1295 1877 audebit
1319 1852 1402 1877 nos:
1428 1842 1547 1878 audet
1571 1843 1670 1887 libri,

131 1890 270 1926 audeat
293 1890 407 1926 Klotz
479 1894 501 1925 4
525 1890 746 1937 glandariae
771 1890 855 1926 bva.
917 1889 1125 1925 landiariae
1154 1889 1215 1935 ΡΙ
1210 1889 1348 1935 laesca
1372 1889 1469 1925 bvm:
1502 1900 1588 1926 esca
1615 1890 1674 1926 Ρα

179 1941 200 1974 8
226 1949 294 1984 pro
313 1938 431 1974 stellis
457 1938 625 1983 scripsi:
633 1937 809 1984 procellis
836 1900 980 1974 Glfbva
1003 1947 1071 1983 pro
1096 1936 1209 1972 stella
1233 1936 1270 1972 R
1295 1939 1328 1972 et
1352 1948 1480 1983 maryo
1515 1938 1559 1973 H
1584 1940 1589 1983 Ι
1619 1949 1675 1974 se-

131 1985 444 2031 ptentrionalibus
470 1986 554 2021 bva·
581 1985 882 2031 septentrionalis
910 1985 990 2027 CH,
1003 1949 1302 2030 septentrionali
1326 1984 1363 2019 R
1450 1989 1495 2021 10
1520 1985 1674 2032 Amphi-

130 2033 239 2069 trites
273 2033 346 2069 GH
379 2032 507 2087 maris]
540 2034 673 2069 matris
711 2034 766 2069 C'a
859 2036 911 2068 ‘ll
946 2034 1000 2077 et]
1034 2033 1101 2068 aut
1125 2033 1172 2068 ba
1284 2035 1326 2067 12
1354 2032 1415 2068 uel
1441 2033 1491 2068 G.
1523 2035 1567 2069 ut
1594 2033 1631 2068 P

135 2084 177 2115 13
204 2079 324 2116 creuit
349 2081 399 2116 G:
426 2080 480 2116 ire
508 2081 545 2115 P
567 2082 613 2125 cs.
639 2081 739 2116 Non.
759 2081 823 2116 b.c.
923 2084 967 2115 14
993 2079 1032 2118 in
1057 2090 1124 2115 om.
1153 2079 1218 2115 CG
1330 2083 1372 2115 15
1399 2082 1438 2115 et
1461 2091 1528 2115 om.
1557 2081 1613 2126 01
1635 2081 1674 2116 in

132 2130 319 2164 cremento
352 2128 439 2163 CH:
472 2128 701 2164 incremento
731 2128 822 2172 RG,
863 2129 948 2172 [brt.
984 2127 1022 2162 in
1059 2127 1289 2163 incremento
1323 2128 1328 2173 Ι
1363 2127 1444 2172 ipso
1479 2139 1547 2163 om.
1580 2128 1614 2163 G

134 2179 178 2211 16
209 2175 422 2212 Admodum
453 2176 586 2211 addidi
618 2179 623 2220 l
657 2176 902 2222 adprobantis
934 2187 972 2211 υ.
1008 2174 1202 2220 probantis
1236 2175 1273 2209 P
1377 2180 1419 2210 18
1450 2176 1557 2221 panis
1593 2175 1674 2211 CG:

131 2223 214 2260 laus
248 2222 327 2258 HR
354 2225 359 2269 Ι
388 2224 427 2259 et
457 2222 502 2258 C-
534 2223 574 2258 id
604 2226 663 2259 est
693 2223 807 2259 HRG
907 2227 949 2259 19
982 2223 1243 2259 consensiones
1274 2234 1315 2257 a.
1348 2223 1608 2277 consentiones
1642 2234 1675 2267 v,

133 2270 326 2307 consensio
360 2271 417 2306 Pb
526 2275 572 2307 20
602 2271 681 2317 aliq
683 2282 770 2307 uam
801 2282 879 2307 rem
911 2271 955 2306 C.
989 2269 1035 2305 de
1066 2269 1196 2315 aliqua
1226 2280 1266 2305 re
1298 2269 1412 2305 HRG
1445 2273 1450 2314 1
1486 2270 1525 2316 ip
1527 2282 1589 2307 sae
1615 2283 1675 2307 res

134 2329 201 2353 om.
229 2318 260 2354 C
342 2322 388 2354 22
414 2318 567 2364 galbani
583 2312 642 2355 G
656 2284 822 2364 qgaluani
846 2318 898 2362 H,
924 2318 1063 2364 gabam
1091 2317 1131 2361 0,
1155 2317 1333 2363 galbanei
1359 2317 1396 2353 R
1489 2322 1533 2353 23
1560 2318 1675 2364 pluri-

134 2377 236 2402 mum
263 2366 313 2402 G:
339 2365 500 2412 plurimo
529 2366 565 2400 P
595 2367 602 2413 Ι
632 2366 680 2402 ad
706 2366 868 2412 gratiam
893 2365 1084 2412 pertinens
1109 2376 1176 2400 om.
1198 2364 1232 2401 G

232 2429 250 2460 1
278 2424 412 2471 ausim]
448 2425 576 2460 Plaut.
610 2425 722 2461 Poen.
746 2429 874 2469 5,6,21.
899 2425 1035 2460 Bacch.
1061 2428 1190 2470 4‚4,46.
1228 2425 1274 2470 cf.
1311 2424 1410 2460 Fest.
1446 2424 1557 2461 Paul.
1580 2429 1673 2469 27,5.

136 2472 262 2518 Ausis,
294 2472 442 2509 audeas.
474 2472 579 2508 Seru.
606 2472 734 2518 Geory.
756 2476 873 2515 2,289.
923 2472 1065 2516 Ausim,
1091 2483 1203 2508 ausus
1229 2472 1315 2517 sim,
1342 2472 1499 2508 audebo.
1553 2473 1674 2508 Prisc.

137 2519 189 2555 lx
212 2524 354 2565 482,16.
373 2520 423 2555 Κ.
539 2524 562 2555 4
594 2521 779 2567 aesculus]
811 2520 915 2555 Seru.
949 2519 1078 2565 Georq.
1112 2523 1228 2564 2,291.
1339 2523 1358 2555 7
1395 2519 1534 2574 arctos]
1577 2520 1674 2557 Isia.

137 2571 266 2611 3‚71,6.
317 2567 515 2614 Signorum
546 2567 687 2613 primus
713 2570 857 2612 arctos,
890 2567 954 2614 qui
979 2568 1017 2603 in
1051 2578 1120 2603 axe
1145 2567 1237 2603 fixus
1263 2578 1302 2603 se
1329 2569 1407 2602 tem
1433 2567 1551 2604 stellis
1571 2567 1610 2603 in
1636 2579 1676 2603 se

138 2614 319 2650 revolutis
343 2617 499 2651 rotatur.
544 2626 678 2651 nomen
704 2617 761 2651 est
785 2626 960 2661 graecum
985 2617 1056 2651 etc.
1157 2619 1199 2650 13
1225 2614 1297 2650 ado
1314 2614 1408 2661 evit]
1438 2614 1564 2650 Plaut.
1593 2615 1675 2653 Cas.

140 2661 240 2697 Pr01.
267 2666 323 2697 47.
355 2662 402 2706 cf.
428 2662 526 2697 Fest.
562 2662 671 2698 Paul.
693 2668 762 2708 5,6.
788 2663 886 2698 Non.
907 2666 1024 2705 58,19.
1058 2662 1162 2698 Seru.
1189 2663 1284 2698 Aen.
1314 2666 1430 2705 1:104.
1455 2662 1563 2698 eund.
1591 2663 1673 2698 Ecl.

138 2713 229 2754 8,.65
261 2709 407 2744 Luctat.
428 2709 532 2745 Plac.
556 2710 663 2746 Theb.
687 2715 702 2745 1
709 2715 799 2755 ,514.
887 2714 932 2746 16
956 2710 1175 2756 admodum]
1198 2709 1541 2754 Plaut.12³ud.1‚‚5
1547 2714 1601 2745 11.
1612 2713 1675 2745 etc.

187 2761 230 2793 18
256 2755 407 2802 adorea]
436 2756 562 2793 Plaut.
589 2739 719 2803 Amphi
749 2762 766 2793 1
771 2762 875 2803 1,,38.
916 2757 1017 2793 Ptin.
1043 2757 1094 2792 N.
1103 2757 1154 2792 H.
1172 2761 1214 2792 18
1234 2760 1323 2801 514.
1373 2757 1542 2794 Gloriam
1569 2757 1673 2793 deni-

138 2815 212 2850 que
242 2804 362 2850 ipsam
392 2815 416 2839 a
446 2803 552 2839 farris
582 2804 721 2841 honore
752 2805 928 2841 adoream
960 2816 1009 2852 ap
1059 2803 1215 2841 llabant.
1265 2805 1354 2840 ibid.
1384 2808 1439 2846 18,
1463 2808 1484 2847 ξ
1510 2807 1565 2839 83.
1611 2805 1673 2841 lib.

136 2852 344 2897 91038.(a):
380 2850 691 2897 Adorea,gloria
721 2852 879 2889 bellicae
909 2851 1038 2888 virtu*
1100 2852 1148 2896 cf.
1179 2851 1376 2896 Adoriap
1347 2863 1387 2896 p.
1535 2855 1579 2887 19
1610 2852 1674 2888 ad-

138 2899 297 2945 sentiae]
318 2898 442 2981 IOPIp.
458 2903 514 2934 56.
539 2899 749 2944 Assentiae,
775 2899 1016 2936 assentiones.
1083 2903 1129 2934 22
1156 2899 1324 2945 achates]
1354 2899 1456 2934 Plin.
1471 2898 1521 2935 N.
1543 2899 1594 2934 Η.
1614 2903 1675 2943 87,

138 2950 159 2991 ς
188 2951 265 2982 139.
343 2957 374 2982 s:
442 2950 495 2991 16,
502 2950 591 2989 11,1

1342 3005 1385 3041 1*
