1898 3294
103 306 298 349 cationes
328 304 511 348 nimium
546 307 758 360 quantum
796 303 1006 348 interesse
1038 304 1285 358 cognoscet.
1336 315 1468 358 quare
1501 302 1647 356 miror,

106 375 222 434 quod
239 375 474 419 Muellerus
495 374 663 419 Placidi
683 378 728 418 et
745 374 866 418 Festi
886 373 1094 430 quasdam
1114 373 1284 428 glossas
1305 372 1433 415 ualde
1451 372 1647 416 diuersas

101 462 153 491 ex
184 446 335 491 eodem
366 447 488 490 fonte
520 447 700 489 haustas
732 460 826 488 esse
857 445 985 499 dixit,
1019 445 1140 487 uelut
1173 443 1389 499 ‘aginamffl

221 518 374 576 Neque
410 518 516 561 illud
553 517 714 560 dixerit
756 517 1004 573 quisquam,
1047 515 1275 558 Placidum
1318 518 1384 558 tot
1433 517 1647 559 uocabula

102 589 407 647 antiquissima
455 603 507 631 ex
558 604 636 632 sua
685 589 828 644 ipsum
877 587 1104 630 literarum
1160 586 1345 629 scientia
1393 587 1644 643 explicasse.

100 675 287 718 namque
308 663 352 704 et
363 660 517 703 Festus
539 663 584 704 et
602 658 773 703 Nonius
793 658 994 702 Luctatio
1014 660 1159 701 aetate
1180 657 1424 713 superiores
1445 661 1641 701 ueterum

100 732 406 788 compilatores
427 731 675 787 appellandi
696 734 798 774 sunt
817 733 861 773 et
879 732 1030 772 nostro
1054 729 1242 786 quodam
1268 730 1359 771 iure
1393 730 1643 784 conicimus,

100 802 299 846 homines
332 803 473 858 quinti
505 804 672 846 sextiue
711 802 875 845 saeculi
913 801 984 844 uel
1015 801 1293 844 doctissimos
1326 801 1538 843 uocabula
1570 817 1642 844 an-

100 874 307 930 tiquitate
327 875 415 916 iam
437 875 672 917 obliterata
691 875 809 930 ipsos
829 888 907 929 per
927 887 972 915 se
1004 872 1285 927 interpretari
1317 886 1404 914 non
1436 873 1643 928 potuisse,

98 945 256 988 nedum
294 944 517 989 Placidum
560 945 781 989 hominem
824 944 1100 987 mediocriter
1144 943 1332 986 doctum.
1395 943 1543 999 itaque
1589 946 1642 986 ad

99 1031 151 1060 ea
186 1021 383 1072 tempora
421 1017 750 1073 regrediendum
789 1018 874 1071 est,
912 1016 1069 1071 quibus
1109 1014 1253 1057 Plauti
1291 1014 1540 1057 comoedias
1574 1031 1640 1057 ex—

98 1088 283 1144 plicatas
327 1103 422 1131 esse
465 1088 634 1132 scimus.
693 1090 823 1143 atque
867 1102 1015 1130 eorum
1060 1087 1250 1142 quidem,
1295 1086 1367 1141 qui
1413 1085 1640 1130 Plautinas

97 1160 308 1216 scripsere
357 1161 544 1217 8108888,
594 1174 774 1202 numero
823 1159 1003 1214 putandi
1057 1161 1159 1201 sunt
1205 1157 1410 1200 Aurelius
1456 1149 1640 1213 opilius,

99 1230 251 1274 Aelius
271 1231 394 1288 Stilo,
427 1230 604 1275 Seruius
626 1230 816 1286 Clodius,
847 1229 1004 1285 Varro,
1036 1229 1216 1273 Verrius
1249 1228 1441 1284 Flaccus,
1461 1229 1638 1272 Flauius

98 1301 255 1358 Caper,
286 1302 521 1346 Arruntius
554 1301 706 1346 Celsus
738 1299 798 1358 (u.
829 1301 954 1344 Varr.
986 1301 1034 1343 L.
1065 1300 1112 1343 L.
1132 1300 1230 1354 VII,
1262 1299 1332 1342 50.
1365 1300 1434 1343 65.
1467 1301 1536 1343 66.
1570 1302 1638 1343 67.

101 1374 168 1416 70.
202 1374 270 1416 79.
305 1374 401 1417 106.
438 1374 565 1418 Varr.
603 1389 669 1429 ap.
708 1373 906 1415 Diomed.
942 1372 1009 1415 III
1040 1372 1141 1426 486,
1167 1372 1206 1414 8.
1245 1371 1297 1413 Κ.
1336 1374 1380 1414 et
1419 1387 1485 1427 ap.
1524 1372 1638 1415 Non.

97 1444 137 1499 9,
159 1445 226 1487 13.
256 1444 371 1487 Fest.
409 1445 515 1501 371,
542 1445 582 1487 6.
620 1444 674 1486 cf.
711 1443 943 1486 Ritschelii
981 1443 1160 1498 Parerg.
1199 1458 1239 1498 p.
1275 1443 1370 1486 179.
1407 1444 1504 1486 180.
1536 1445 1635 1486 242.

96 1515 196 1559 362.
237 1516 337 1559 365.
381 1516 479 1559 367.
524 1515 721 1570 Teuffel„
765 1515 814 1558 R.
853 1515 968 1571 Litg.
1012 1515 1137 1558 1870.
1191 1515 1288 1569 146,
1313 1515 1354 1556 4.
1381 1515 1420 1556 9.
1459 1515 1559 1570 320,
1603 1518 1637 1558 1.

95 1587 195 1643 335,
221 1586 292 1645 3.).
343 1602 450 1644 quos
481 1602 570 1630 non
600 1588 664 1630 ita
695 1587 1008 1643 glossematum
1042 1586 1277 1641 scriptores
1310 1587 1637 1642 appellauerim,

94 1660 316 1715 tamquam
352 1659 488 1702 uerba
524 1658 730 1701 Plautina
767 1673 887 1701 more
920 1657 1082 1701 Placidi
1113 1657 1318 1699 breuibus
1352 1658 1636 1700 instruxerint

95 1730 473 1785 explicationibus,
486 1730 561 1773 sed
575 1730 702 1773 cosin
714 1730 888 1784 scriptis
903 1728 1202 1784 grammaticis
1217 1729 1414 1783 exemplo
1423 1728 1635 1772 Varronis

95 1815 192 1844 cum
212 1801 300 1844 alia
317 1804 412 1844 tum
431 1802 566 1844 uerba
583 1800 787 1844 Plautina
799 1803 1010 1843 tractasse
1025 1800 1240 1842 existimo.
1271 1799 1447 1842 Aelium
1461 1801 1635 1856 quidem

95 1870 249 1915 Festus
265 1887 291 1915 a
304 1872 636 1928 glossographis
651 1875 798 1928 aperte
813 1871 1046 1927 separauit,
1059 1886 1157 1914 cum
1171 1871 1364 1926 scripsit:
1393 1870 1634 1914 ‘Naucum

93 1943 156 1985 ait
172 1943 320 1986 Ateius
330 1944 565 1998 philoloyus
575 1945 682 1998 poni
692 1957 773 1998 pro
792 1944 925 1998 nugis.
972 1942 1152 1998 Cincius,
1183 1943 1293 1997 quod
1310 1942 1418 1985 oleae
1436 1944 1631 1997 mucisque

93 2015 208 2058 intus
237 2016 302 2058 sit.
343 2015 490 2058 Aelius
523 2015 628 2058 Stilo
661 2017 847 2058 omnium
877 2028 1018 2057 rerum
1041 2017 1255 2068 putamen.
1294 2014 1632 2068 ylosscmatorum

93 2088 231 2129 autem
270 2087 488 2140 scriptores
529 2086 651 2139 fabae
683 2087 827 2141 yram‘,
870 2086 979 2140 quod
1013 2085 1181 2128 haereat
1218 2086 1265 2127 in
1298 2085 1471 2138 fabulo'.
1528 2100 1631 2142 ergo

93 2157 335 2212 putandum
355 2159 434 2212 est,
454 2157 648 2200 Plautini
668 2158 878 2200 sermonis
911 2156 1129 2199 studiosos
1162 2156 1249 2198 iam
1281 2158 1449 2199 mature
1469 2156 1630 2199 fabulis

94 2228 184 2271 eius
205 2231 361 2284 poetae
381 2229 535 2271 breues
567 2228 951 2284 interpretationes
983 2227 1053 2270 uel
1085 2227 1131 2269 in
1162 2227 1359 2282 margine
1393 2228 1630 2283 aspersisse

93 2299 164 2342 uel
195 2299 490 2355 singularibus
523 2299 687 2342 libellis
719 2300 759 2342 01
791 2300 1019 2342 literarum
1052 2299 1202 2355 generi
1239 2313 1417 2354 operam
1449 2299 1630 2342 dedisse.

93 2384 145 2413 ex
189 2370 258 2414 his
303 2371 617 2427 glossematum
661 2371 962 2427 scriptoribus,
1004 2385 1092 2414 11011
1136 2385 1188 2413 ex
1230 2370 1326 2425 ipso
1360 2370 1515 2414 Verrio
1559 2372 1629 2414 uel

91 2440 220 2485 Festo
239 2441 439 2486 Placidus
459 2442 632 2486 uidetur
651 2442 862 2497 hausisse,
893 2443 931 2484 si
951 2457 1061 2498 quae
1080 2442 1208 2485 huius
1229 2456 1325 2484 cum
1358 2441 1487 2485 Festo
1515 2457 1627 2485 com-

93 2512 240 2555 munia
258 2515 372 2568 sunt,
401 2528 540 2570 neque
561 2514 795 2557 absurdum
826 2517 894 2556 est
926 2514 1095 2568 opinari
1127 2516 1370 2568 utrumque,
1402 2513 1628 2556 Placidum

92 2580 188 2624 dico
226 2586 271 2626 et
300 2583 526 2641 Verrium,
565 2585 738 2628 eosdem
775 2587 945 2628 ueteres
977 2584 1321 2641 glossographos
1355 2584 1525 2627 adiisse.
1576 2585 1627 2627 de

93 2653 248 2695 ceteris
280 2669 382 2698 uero
402 2657 713 2711 grammaticis,
745 2671 853 2712 quos
886 2671 1018 2711 supra
1048 2655 1414 2710 enumerauimus,
1446 2671 1497 2698 ex
1529 2656 1627 2698 reli-

93 2724 207 2779 quiis
240 2739 387 2768 eorum
417 2727 544 2770 ualde
577 2727 745 2783 exiguis
776 2727 890 2770 nihil
922 2726 1119 2770 concludi
1150 2729 1309 2782 potest.

211 2795 340 2838 Dicet
378 2797 534 2853 aliquis
579 2798 946 2854 glossographum
986 2801 1183 2840 nostrum
1228 2797 1408 2840 Cornuti
1454 2812 1625 2853 quoque

91 2869 136 2908 et
165 2865 299 2909 Plinii
338 2868 500 2923 scripta
531 2869 818 2924 consuluisse,
855 2884 952 2912 cum
992 2869 1054 2911 sic
1093 2869 1274 2912 scribat:
1326 2868 1626 2923 ‘Inyluuiem

90 2936 297 2981 emmam
326 2942 521 2994 uentrem,
551 2938 722 2982 Plinius
745 2938 1010 2983 edacitatem'.
1058 2938 1191 2983 Plinii
1218 2939 1623 2994 interpretationem
