1898 3294
775 175 1066 219 -33-

151 282 404 339 Dumium,
437 282 585 327 Bonae
618 283 735 326 Deae
768 297 950 326 sacrum.

149 342 393 387 Diuinum
425 343 632 399 uitium,
663 357 760 386 cum
782 342 1023 398 impediunt
1042 342 1236 398 auspicia
1263 343 1490 386 actionem.
1521 343 1688 398 auspi-

209 403 359 459 cium,
391 402 504 460 quod
537 403 633 459 quis
665 405 837 445 secutus
870 416 1074 458 prospere
1107 417 1197 444 rem
1230 402 1450 457 gessisset.

151 461 390 519 Deperis,
421 461 589 519 perdite
622 476 754 505 amas·

113 520 471 575 ⁶Decalcatis,
502 521 553 563 de
585 521 702 564 calce
734 520 909 564 albatis.

151 579 368 636 Delisit,
399 581 626 635 deleuerit,
658 580 963 637 inquinauerit.

149 638 393 696 Dedecet,
424 654 511 683 nou
542 639 675 683 decet.

149 698 503 757 Dispuditum,
535 700 707 756 puduit,
738 699 886 742 rubori
920 699 1015 742 fuit.

149 759 445 804 Diuortium
490 759 690 815 dicimus,
743 773 839 801 cum
891 759 1048 802 mulier
1089 774 1114 802 a
1158 759 1251 802 uiro
1296 759 1531 803 diuortium
1575 760 1691 804 facit.

98 831 131 856 ιο
208 819 436 863 deuertit
467 833 586 874 uero,
619 819 693 875 qui
725 834 752 861 a
782 818 856 861 uia
885 818 954 861 uel
981 819 1149 861 ratione
1181 819 1369 862 deflexit.
1413 823 1561 862 tamen
1592 836 1688 863 cum

209 878 428 922 ‘deuertit'
460 879 641 934 dicatur,
674 877 989 921 ‘diuersorium’
1022 879 1163 934 magis
1196 893 1325 934 quam
1360 878 1688 924 ‘deuersorium’

208 953 313 982 usus
346 938 551 981 obtinuit.
591 951 695 994 ergo
727 940 958 993 utrumque
990 953 1069 981 usu
1102 941 1146 980 et
1177 938 1346 981 ratione
1377 939 1572 982 dicimus.

149 997 220 1044 De
253 1001 436 1041 contra
469 998 619 1041 uideo
657 997 816 1040 dicitur
846 1012 944 1053 usu,
982 1012 1069 1040 non
1101 998 1282 1057 ratione.
1320 999 1396 1041 sed
1428 1000 1584 1043 melius
1617 1003 1687 1043 est

209 1057 248 1100 ‘e
280 1057 448 1101 contra’
482 1072 612 1114 quam
645 1056 711 1100 ‘de
745 1055 924 1100 contra’.

98 1129 129 1155 ιδ
148 1117 448 1161 Destrictus
483 1117 574 1160 sine
612 1132 642 1160 n
674 1117 923 1172 scribimus,
961 1131 1050 1159 non
1087 1116 1395 1161 ‘destrinctus'.
1443 1121 1514 1161 est’
1543 1122 1687 1162 autem

207 1177 496 1221 destrictus
548 1179 745 1220 attentus
807 1176 878 1219 uel
937 1191 1113 1219 seuerus
1171 1191 1220 1220 ac
1275 1192 1363 1220 non
1420 1178 1589 1222 solutus
1648 1183 1691 1221 et

208 1237 331 1280 lenis.

149 1296 434 1354 Destringo
467 1297 648 1340 uerbum
680 1299 746 1339 est
777 1296 979 1339 actiuum.
1018 1296 1249 1352 participia
1268 1296 1373 1340 facit
1395 1297 1687 1354 ‘destringens

208 1356 519 1412 destricturus',
551 1372 577 1399 a
602 1356 778 1412 passiuo
813 1354 1059 1398 ‘destrictus
1087 1355 1447 1412 destringendus&

96 1428 130 1453 ἑο
149 1415 314 1459 Diruo
346 1415 482 1460 diruis
515 1416 651 1459 diruit
683 1430 779 1458 cum
811 1430 898 1458 una
928 1430 949 1457 r
980 1415 1175 1458 dicimus.

148 1475 419 1519 Docibiles
458 1491 537 1532 pro
577 1474 771 1518 ‘dociles'
810 1474 1034 1518 traditum.
1087 1474 1269 1519 dicimus
1310 1477 1426 1519 enim
1459 1479 1690 1534 utrumque

208 1539 252 1578 et
282 1535 436 1579 docilis
469 1539 512 1578 et
543 1535 756 1578 docibilis.

148 1594 510 1652 Dereliquerit
540 1595 586 1638 in
616 1594 763 1637 futuro
796 1594 889 1637 sine
919 1610 949 1637 n
980 1595 1223 1637 scribimus.

147 1654 400 1711 Desipere
432 1670 508 1711 per
534 1669 606 1711 pe,
636 1669 724 1697 non
755 1669 832 1709 per
863 1654 908 1709 pi
941 1654 1158 1697 scribitur.

245 1860 262 1893 1
291 1857 474 1912 domium]
494 1857 650 1903 ylossam
670 1866 737 1891 om.
759 1854 831 1891 RG
929 1859 950 1890 2
976 1854 1155 1891 Diuinum
1182 1855 1318 1892 uitium
1338 1858 1376 1893 b:
1402 1858 1580 1895 Diuinum
1600 1860 1691 1905 HR,

147 1903 345 1941 Deuimum
365 1906 406 1950 (J,
424 1904 685 1940 Dminatiuum
703 1914 724 1939 v
831 1907 852 1938 5
878 1902 1104 1939 Decalioatis
1123 1903 1279 1940 Kettvaer
1301 1907 1305 1948 Ι
1328 1905 1466 1942 albatis
1486 1919 1526 1943 a:
1552 1907 1690 1944 ablatis

149 1965 178 1988 ω
298 1958 319 1990 6
347 1952 483 1989 Delisit
507 1951 598 1988 RG:
625 1950 761 1988 Desilit
786 1950 831 1985 H
848 1953 853 1996 Ι
875 1950 1059 1987 deleuerit
1083 1951 1142 1986 uel
1166 1951 1350 1989 deleberit
1374 1953 1424 1989 G:
1458 1954 1592 1991 deliuit
1619 1956 1656 1990 P
1680 1956 1686 2003 Ι

148 1999 402 2046 inquinauerit
427 2001 477 2036 G:
503 1998 718 2045 inquinauit
744 1998 781 2033 P
876 2001 895 2034 7
922 1997 1088 2034 Dedecet
1107 1998 1195 2034 RG:
1220 1999 1342 2036 Ducet
1363 2001 1437 2036 GH
1454 2003 1459 2045 Ι
1482 2014 1556 2038 non
1582 2003 1689 2039 decet

149 2046 200 2083 G:
226 2048 292 2084 det
317 2048 404 2094 CH,
430 2059 498 2084 om.
518 2047 555 2083 R
634 2050 655 2082 8
681 2044 809 2082 rubori
834 2045 1005 2081 Kettnerz
1030 2046 1143 2081 rubor
1161 2046 1265 2092 Rha,
1296 2048 1389 2083 robu
1410 2049 1456 2095 0,
1482 2051 1594 2086 robur
1614 2051 1658 2086 H
1683 2055 1685 2075 ἵ

148 2094 220 2131 fuit
245 2095 374 2131 HRG:
407 2095 482 2131 sint
507 2094 539 2130 C
652 2098 697 2130 10
728 2093 891 2129 deuertit
923 2093 974 2128 P:
1008 2092 1166 2130 diuertit
1197 2093 1232 2129 G
1259 2097 1264 2140 Ι
1293 2095 1357 2141 qui
1389 2108 1412 2131 a.
1447 2098 1498 2133 P:
1532 2099 1621 2144 quia
1655 2099 1688 2133 G

151 2146 195 2178 14
220 2153 241 2179 e
268 2146 399 2180 contra
426 2144 476 2179 P:
503 2143 633 2185 contra
658 2141 692 2177 G
790 2144 834 2176 16
861 2140 984 2176 solute
1010 2140 1109 2177 enim
1137 2141 1167 2176 Ο
1270 2145 1313 2178 18
1340 2144 1582 2191 participium
1609 2146 1643 2181 G

151 2194 195 2226 19
220 2190 259 2227 in
288 2190 439 2238 pessino
465 2190 502 2226 R
669 2192 716 2225 20
742 2188 860 2224 diruis
886 2187 937 2223 G:
969 2198 1037 2224 om.
1066 2189 1128 2233 ΡΙ
1150 2200 1226 2225 una
1250 2201 1289 2226 v:
1329 2202 1404 2228 uno
1429 2193 1496 2237 ba,
1521 2204 1588 2228 om.
1614 2194 1655 2233 ,Ρ
1681 2195 1686 2241 Ι

149 2237 308 2274 dicimus
333 2239 385 2275 G:
417 2249 484 2275 om.
513 2238 550 2274 P
693 2240 736 2272 21
763 2235 952 2272 Docibiles
984 2247 1050 2282 pro
1082 2236 1222 2273 dociles
1247 2237 1297 2273 G:
1324 2249 1391 2274 om.
1421 2240 1458 2274 P
1504 2241 1687 2277 traditum

148 2295 231 2321 nos:
257 2286 442 2323 creditum
467 2286 513 2331 G,
538 2295 607 2321 om.
635 2285 696 2328 ΡΙ
718 2283 818 2320 enim
843 2294 912 2319 om.
931 2282 968 2319 R
1064 2287 1110 2319 22
1137 2286 1176 2320 et
1200 2284 1333 2322 docilis
1359 2287 1442 2323 Ha:
1495 2289 1601 2325 ocilis
1627 2289 1664 2324 R

149 2336 195 2368 2³
220 2333 472 2380 Dereliquerit
490 2333 582 2370 RG:
609 2331 851 2385 Dereliquent
877 2331 921 2366 H
939 2333 944 2374 Ι
966 2331 1006 2367 in
1031 2331 1083 2367 R:
1109 2342 1177 2368 om.
1203 2346 1232 2368 ω
1330 2338 1376 2370 24
1401 2335 1580 2382 Desipere
1605 2348 1687 2373 nos:

148 2379 326 2428 Deripere
338 2381 595 2466 dIi‘‚1{)isipere
617 2380 677 2416 wel
701 2379 891 2424 Dissipere
916 2379 950 2415 G
973 2381 979 2422 Ι
999 2390 1067 2425 per
1096 2390 1143 2425 pe
1170 2391 1244 2416 non
1269 2392 1337 2427 per
1360 2381 1400 2428 pi
1425 2383 1518 2420 HG:
1551 2395 1618 2430 per
1642 2386 1688 2421 de

149 2439 222 2464 non
247 2439 315 2475 per

246 2529 263 2560 1
290 2524 472 2571 damiam]
498 2537 535 2562 u.
562 2525 737 2561 Damium
756 2534 797 2568 p.
825 2526 882 2558 30.
986 2525 1008 2556 4
1034 2520 1181 2570 deperis
1225 2524 1271 2569 cf.
1300 2524 1428 2561 Plaut.
1449 2527 1531 2563 Cas.
1561 2531 1687 2572 1,1,19.

148 2573 212 2607 etc.
333 2576 355 2608 5
380 2573 599 2619 decalcatis]
650 2574 732 2609 loss.
759 2569 853 2606 Isid.
891 2567 1070 2616 Dece-100,
1096 2571 1180 2607 deal
1209 2582 1242 2607 o.
1275 2572 1337 2608 lib.
1362 2574 1471 2619 91033.
1515 2574 1686 2619 DeesIco,

148 2617 301 2665 dealbo,
327 2619 496 2667 decaligo
521 2621 604 2667 (dec
646 2620 753 2666 ‘00?).
800 2617 963 2662 Papias:
996 2615 1262 2656 Deoalceatum
1286 2620 1560 2666 (Decalicatum
1573 2625 1615 2667 ?)‚
1641 2622 1687 2658 de

148 2665 251 2702 calce
276 2666 456 2705 albatum.
483 2668 582 2706 Fest.
606 2668 717 2705 Paul.
745 2669 860 2711 75,13.
900 2664 963 2700 zib.
987 2664 1093 2709 yloss.
1131 2666 1336 2714 Dedbare,
1362 2668 1555 2706 deculcare
1582 2670 1687 2706 uelut

148 2724 242 2759 opus
266 2714 476 2752 tectorium.
518 2717 623 2763 yloss.
650 2714 779 2763 Ου’-111.
805 2711 942 2756 Koma,
968 2711 1131 2759 decalco,
1158 2714 1255 2751 albo.
1353 2720 1374 2752 6
1401 2716 1544 2763 delisit]
1571 2717 1613 2753 id
1637 2721 1687 2752 est

148 2761 242 2799 com‘.
264 2762 360 2807 perf.
387 2774 412 2798 a
436 2763 572 2800 delino.
617 2765 663 2808 cf.
689 2763 812 2807 Neue,
846 2758 1032 2797 Formenl.
1059 2763 1094 2799 d.
1121 2763 1144 2800 l.
1171 2761 1256 2807 Spr.
1283 2762 1317 2798 11
1339 2774 1376 2809 p.
1403 2767 1470 2800 421
1498 2769 1531 2800 et
1557 2769 1637 2800 427.

147 2811 170 2844 8
195 2808 440 2857 dispuditum]
466 2811 515 2855 cf.
539 2811 716 2858 dispudet
739 2821 800 2855 ap.
822 2807 949 2844 Plaut.
972 2806 1085 2847 Most,
1111 2813 1241 2855 5‚2,44.
1267 2814 1329 2846 etc.
1417 2816 1438 2848 9
1465 2811 1684 2858 diuortium]

150 2855 277 2894 Plaut.
306 2857 394 2895 Mil.
419 2862 549 2903 4‚4,81.
574 2862 637 2896 etc.
668 2858 716 2903 cf.
743 2856 839 2893 Isia.
867 2854 915 2890 D.
949 2852 990 2889 V.
1021 2862 1098 2895 147.
1118 2861 1180 2894 etc.
1345 2862 1387 2894 21
1417 2859 1612 2906 docibiles]
1638 2861 1684 2903 cf.

149 2902 268 2941 Prisc.
294 2904 382 2940 VIII
407 2909 537 2951 2193ss
563 2906 614 2944 K.
641 2906 713 2942 ΟΡ
723 2916 763 2951 p.
793 2906 871 2940 168.
937 2946 946 2955 .
979 2946 987 2954 ·
1042 2910 1090 2944 24
1115 2905 1301 2951 desipere]
1328 2906 1375 2949 cs.
1413 2907 1542 2942 Plaut.
1569 2907 1685 2961 Epia.

149 2954 277 2998 1‚2‚35.
322 2952 465 2989 cham.
486 2954 520 2990 11
539 2957 681 3000 286‚13.
707 2953 757 2990 K.
784 2949 849 2987 sed
869 2948 1015 2994 deslplo
1035 2952 1235 3002 ‘desipere’
1257 2951 1359 2998 facit,
1386 2965 1458 2990 non
1480 2954 1684 3001 ‘desipire’.

220 3020 348 3047 Luctstii
370 3022 481 3048 Placidi
502 3025 688 3054 muumstici
708 3024 832 3054 glossae.
1372 3015 1393 3047 3
