1898 3294
5 125 18 149 f
39 91 46 141 μ’
220 113 229 121 ‘

30 155 53 170 δ

25 185 56 198 ·
89 208 99 210 ἡ

140 279 185 324 N
198 279 497 334 nummatus,
547 276 739 321 numella
784 276 967 333 ligatus,
1015 274 1058 318 id
1102 277 1170 318 est
1213 274 1407 331 uinculo,
1455 289 1540 331 quo
1579 290 1678 332 qua-

203 338 413 395 drupedes
445 337 695 393 alligantur.

140 397 444 453 Naniterna,
476 412 553 440 uas
586 395 823 453 aquarium.

139 457 330 515 Nepos,
362 457 619 501 luxuriosus.

103 516 373 573 oNeniam,
405 517 545 560 finem.
589 515 698 559 alias
732 513 919 557 ‘carmen
950 512 1247 557 mortuorum’.

139 575 247 622 Nec
277 577 487 632 ciccum,
518 574 643 618 nihil.

140 635 521 691 Nullationem,
552 634 850 679 mutationem.

138 695 181 740 N
189 695 438 752 eglegens
476 710 578 738 usus
617 693 809 737 obtinuit
846 691 1063 753 utrimque
1094 707 1171 748 per
1208 705 1256 748 g,
1288 691 1487 748 quamuis
1527 694 1572 734 et
1603 706 1680 747 per

205 770 229 799 0
249 755 296 798 111
315 754 550 811 aliquantis
571 754 758 811 legatur,
789 752 891 808 quia
921 766 944 794 c
963 755 1008 794 et
1027 765 1057 807 g
1083 766 1215 794 unum
1245 766 1382 807 paene
1415 754 1528 794 sunt.
1577 766 1678 794 nam

88 829 122 856 ιο
200 814 373 869 Gaius.
396 829 492 858 cum
536 827 565 870 g
605 813 700 857 sola
743 812 819 868 sit,
863 811 1108 854 inuenimus
1151 826 1228 867 per
1265 824 1295 867 g
1333 813 1377 854 et
1414 825 1436 853 c
1474 810 1679 866 positum.

200 888 304 931 ergo
336 873 420 917 hoc
449 872 730 930 participium
767 871 837 915 uel
869 886 1028 914 nomen
1067 886 1119 914 ex
1151 870 1317 913 duobus
1349 870 1535 926 integris
1567 885 1679 914 com-

198 934 392 990 positum
410 936 489 989 est,
521 932 822 976 coniunctione
849 931 1112 974 disiunctiua
1142 933 1186 973 et
1218 929 1399 986 ‘legens'
1432 930 1679 986 participio.

197 993 352 1050 quodsi
378 993 536 1050 gradus
563 989 736 1048 habeat,
767 991 851 1034 erit
879 1005 1051 1047 nomen,
1082 993 1131 1033 ut
1163 989 1415 1046 ‘neglegens
1445 989 1679 1046 neglegen-

197 1053 285 1096 tior
332 1050 775 1130 neglegentissimus',
823 1050 1103 1107 participium
1148 1049 1400 1106 ‘neglegens
1452 1049 1678 1105 neglectus

90 1128 122 1154 ω
138 1112 495 1216 Nlffiglsegffiliglgs
507 1146 571 1214 iei
609 1172 653 1223 et
691 1170 771 1213 illa
806 1184 852 1212 re
896 1169 1005 1212 bene
1042 1169 1239 1212 dicimus.
1296 1168 1371 1211 sed
1407 1168 1678 1225 frequentius

198 1232 396 1288 genitiuo
428 1231 604 1274 utimur.

137 1291 367 1347 Nuptiae
405 1304 668 1348 quamquam
705 1288 759 1331 ab
798 1287 1056 1331 obnubendo
1097 1288 1256 1344 puellis
1289 1288 1435 1343 capita
1465 1287 1679 1343 dicuntur,

201 1353 246 1394 et
275 1351 434 1407 nubes,
465 1350 576 1393 unde
607 1351 798 1392 tractum
829 1350 915 1404 est,
945 1362 1023 1403 per
1054 1348 1082 1390 b
1116 1347 1367 1404 scribimus,
1398 1350 1545 1390 tamen
1577 1347 1678 1390 scri-

87 1425 123 1452 10
200 1411 362 1454 buntur
391 1425 468 1466 per
498 1425 540 1466 p,
572 1408 682 1465 quia
702 1423 731 1464 p
763 1407 914 1450 littera
944 1407 1094 1450 mitior
1126 1410 1193 1450 est
1224 1422 1355 1464 quam
1386 1407 1428 1450 b.

136 1470 179 1513 N
187 1469 338 1514 udius
369 1469 564 1513 tertius
598 1483 694 1512 cum
725 1467 954 1510 idicimus.
992 1469 1037 1509 et
1068 1469 1135 1510 est
1167 1467 1421 1510 aduerbium
1451 1466 1678 1521 temporis.

135 1529 178 1573 N
187 1544 355 1586 eunqu
366 1544 442 1573 am
473 1531 517 1571 et
547 1527 665 1571 ‘non'
699 1527 917 1583 significat
949 1529 993 1569 et
1024 1525 1129 1569 ‘non
1158 1526 1238 1569 ita'
1271 1529 1315 1570 et
1347 1525 1451 1569 enon
1481 1524 1618 1568 adeo'.

138 1588 340 1633 Nothus
385 1589 559 1645 dicitur,
603 1588 678 1645 qui
732 1587 783 1629 de
838 1589 962 1642 patre
1011 1586 1152 1629 nobili
1202 1588 1246 1629 et
1295 1589 1435 1629 matre
1484 1585 1673 1641 ignobili

197 1649 409 1705 gignitur,
441 1648 510 1691 cui
541 1647 780 1691 contrarius
813 1648 880 1689 est
911 1646 1136 1702 spurius,
1169 1645 1243 1702 qui
1280 1645 1331 1688 de
1362 1647 1503 1688 matre
1534 1644 1677 1687 nobili

83 1722 118 1749 25
197 1710 242 1751 et
270 1711 396 1764 patre
427 1707 615 1764 ignobili
645 1708 888 1764 generatur.

136 1766 324 1812 Nihilo
355 1768 538 1823 setius,
567 1766 707 1810 nihilo
739 1766 882 1808 minus
908 1765 979 1808 uel
1009 1779 1099 1808 non
1129 1765 1269 1808 aliter.

767 167 1059 211 -69-

233 1983 254 2016 5
286 1979 445 2016 Neniam
482 1979 594 2015 finem
625 1978 675 2015 G:
714 1978 985 2015 Nemenifincm
1013 1977 1058 2022 0,
1095 1976 1269 2013 Nemeim
1306 1977 1417 2013 finem
1449 1978 1493 2013 H
1511 1977 1592 2014 Vat.
1621 1981 1638 2013 1

138 2029 326 2063 mortuum
354 2028 391 2063 P
509 2032 530 2063 6
556 2027 697 2063 ciccum
724 2039 764 2062 a:
790 2026 952 2062 criccum
977 2037 1009 2071 v,
1035 2025 1188 2061 cicerim
1215 2025 1253 2059 P
1367 2029 1388 2060 8
1415 2025 1622 2071 Negligens

141 2079 185 2111 10
210 2074 262 2111 sic
288 2075 339 2119 H,
365 2074 415 2111 sit
440 2089 467 2110 ω
491 2076 496 2120 Ι
518 2073 681 2120 positum
706 2074 757 2110 G:
783 2073 944 2120 positam
972 2072 1009 2107 P
1112 2076 1153 2108 13
1180 2072 1375 2118 negligens
1402 2073 1447 2108 H
1544 2076 1585 2108 18
1612 2073 1677 2109 ob-

139 2122 314 2159 nubendo
333 2134 381 2168 p:
408 2122 581 2158 nubendo
610 2121 671 2166 Pl
693 2121 828 2167 puellis
847 2133 894 2167 p:
920 2120 1046 2166 puelle
1074 2119 1139 2155 GR
1161 2121 1165 2165 Ι
1188 2119 1362 2155 dicuntur
1389 2119 1478 2156 CH:
1504 2120 1677 2156 dieantur

138 2170 211 2206 RG
310 2174 352 2206 19
379 2172 418 2206 ct
443 2170 559 2206 nubes
585 2169 636 2206 G:
668 2169 854 2205 connubes
882 2168 943 2214 P}
965 2167 1160 2204 scribimus
1178 2179 1225 2213 p:
1259 2167 1463 2203 scribamus
1487 2179 1520 2212 v,
1546 2179 1613 2203 om.
1643 2167 1680 2202 P

142 2217 147 2263 Ι
174 2219 300 2254 tamen
326 2229 393 2253 usu
418 2229 484 2264 per
508 2217 533 2253 b
559 2216 771 2253 scribuntur
797 2216 831 2252 G-
950 2219 996 2252 22
1023 2215 1261 2262 Nequiquam
1288 2215 1322 2251 G-
1437 2219 1483 2251 23
1509 2215 1678 2262 gignitur

139 2267 178 2301 et
202 2267 320 2301 matre
346 2265 503 2311 ignobili
528 2265 565 2300 R
660 2268 706 2300 25
732 2265 788 2300 est
819 2267 1019 2311 generatus
1045 2263 1079 2299 G
1170 2267 1216 2299 26
1243 2262 1301 2299 cui
1327 2262 1445 2298 nihilo
1471 2263 1516 2298 H
1533 2265 1539 2308 1
1561 2262 1677 2299 sotius

138 2312 192 2349 R:
218 2312 337 2349 secius
362 2313 414 2357 H,
440 2315 587 2349 secutus
612 2324 633 2348 v
660 2311 942 2358 (Nichilofecius
970 2310 1013 2356 Ο)

237 2424 254 2456 1
281 2419 524 2466 numellatus]
550 2418 649 2456 Fest.
678 2421 816 2463 173,18.
863 2417 1056 2463 Numella,
1087 2429 1205 2463 genus
1231 2416 1388 2462 uinculi,
1416 2428 1489 2463 quo
1515 2417 1676 2463 quadru—

139 2467 253 2514 pedes
278 2467 502 2514 deligantur.
542 2467 638 2503 solet
662 2467 789 2502 autem
822 2477 866 2502 ea
890 2465 971 2501 fieri
996 2476 1110 2501 neruo
1135 2466 1201 2500 aut
1227 2465 1328 2501 corio
1353 2465 1467 2501 crudo
1491 2464 1611 2508 bouis,
1636 2465 1679 2500 ut

139 2514 352 2560 plurimum.
521 2519 541 2550 3
569 2513 773 2560 nasiterna]
804 2513 933 2550 Plaut.
959 2513 1072 2549 Stich.
1105 2516 1234 2558 2,2,28.
1267 2512 1366 2548 Fest.
1402 2517 1541 2558 169,11.
1575 2512 1676 2548 Non.

141 2566 257 2606 546‚5.
355 2565 375 2598 5
402 2561 567 2609 neniam]
594 2562 693 2598 Fest.
722 2566 860 2606 161,16.
899 2560 995 2597 Sunt
1012 2560 1076 2606 qui
1096 2571 1139 2596 eo
1162 2559 1281 2596 uerbo
1303 2559 1445 2595 ‘finem'
1475 2559 1677 2606 significari

140 2609 397 2655 crediderunt,
428 2610 470 2645 ut
494 2610 549 2646 ait
573 2609 728 2645 Plautus
753 2609 791 2644 in
817 2608 1018 2645 Pseudolo:
1065 2607 1146 2644 ‘ubi
1171 2618 1241 2653 ego
1268 2607 1545 2652 circumuortor,
1572 2607 1675 2643 cado.

140 2656 180 2692 id
205 2656 277 2692 fuit
300 2656 434 2693 naenia
458 2657 575 2694 ludo’.
617 2658 664 2701 cf.
690 2656 789 2692 Suet.
815 2657 851 2692 d.
871 2659 966 2702 poet.
995 2659 1086 2700 19,7.
1119 2656 1172 2691 ed.
1205 2654 1414 2699 Reiffersch.
1555 2660 1576 2690 6
1608 2666 1678 2690 nec

141 2704 282 2740 ciccum
320 2705 366 2748 cf.
389 2703 518 2740 Plaut.
543 2704 644 2740 Rud.
663 2708 792 2750 2,7,22.
818 2705 958 2739 Auson.
980 2704 1101 2749 praef.
1122 2703 1226 2749 idyll.
1251 2707 1304 2739 13.
1344 2702 1475 2748 Neque
1501 2702 1676 2738 Afranius

141 2751 251 2787 nauci
307 2752 390 2787 aret
419 2763 538 2797 ncquc
569 2751 710 2788 ciccum
742 2764 849 2788 suum
880 2751 1036 2787 Plautus
1069 2750 1226 2787 offerret.
1397 2754 1441 2786 16
1467 2749 1604 2795 nudus]
1632 2766 1676 2779 =

141 2799 237 2836 Isid.
270 2799 318 2834 D.
353 2798 393 2835 V.
420 2803 501 2835 385.
668 2803 710 2835 21
741 2798 875 2834 nudius
906 2798 1054 2843 tertius}
1084 2798 1211 2834 Plaut.
1247 2798 1358 2833 Most.
1390 2801 1519 2842 4,2,40.
1554 2800 1615 2832 etc.

141 2851 186 2882 22
225 2846 451 2893 neutiquam]
493 2846 533 2881 F
566 2850 626 2882 est.
667 2851 804 2891 162,10.
840 2846 1062 2890 Neunquam
1101 2845 1252 2891 ponitur
1288 2856 1356 2890 pro
1396 2844 1516 2879 ‘nulla
1553 2844 1674 2880 tenus’

142 2896 181 2930 et
205 2906 271 2940 pro
298 2894 388 2929 ‘non
413 2894 494 2930 ita’.
639 2898 685 2929 23
712 2893 863 2939 nothus]
891 2893 988 2928 Fest.
1013 2896 1149 2936 174,14.
1177 2893 1270 2927 Isid.
1299 2896 1425 2935 9,5‚‘..‘3.
1454 2892 1556 2926 Seru.
1585 2891 1676 2928 Aen.

143 2945 257 2988 ⁷383.
383 2945 430 2977 26
455 2941 573 2977 nihilo
598 2941 728 2988 setius]
757 2942 882 2977 Plane.
910 2941 1013 2977 Men.
1038 2944 1166 2987 5‚7,57.
1191 2940 1238 2984 cf.
1265 2939 1355 2975 Gell.
1383 2943 1509 2985 18,9‚4.
