<?xml version="1.0" encoding="UTF-8"?>
<!DOCTYPE html PUBLIC "-//W3C//DTD XHTML 1.0 Transitional//EN"
    "http://www.w3.org/TR/xhtml1/DTD/xhtml1-transitional.dtd">
<html xmlns="http://www.w3.org/1999/xhtml" xml:lang="en" lang="en">
 <head>
  <title>
</title>
<meta http-equiv="Content-Type" content="text/html;charset=utf-8" />
  <meta name='ocr-system' content='tesseract 3.04.00' />
  <meta name='ocr-capabilities' content='ocr_page ocr_carea ocr_par ocr_line ocrx_word'/>
</head>
<body>
  <div class='ocr_page' id='page_1' title='image "./glossaeplaci00lactuoft_0097.png"; bbox 0 0 1898 3294; ppageno 0'>
   <div class='ocr_carea' id='block_1_1' title="bbox 10 59 58 208">
    <p class='ocr_par' dir='ltr' id='par_1_1' title="bbox 10 59 58 208">
     <span class='ocr_line' id='line_1_1' title="bbox 31 59 58 89; baseline 0 0"><span class='ocrx_word' id='word_1_1' title='bbox 31 59 58 89; x_wconf 51' lang='grc' dir='ltr'><strong>πῖ.</strong></span> 
     </span>
     <span class='ocr_line' id='line_1_2' title="bbox 10 92 27 106; baseline 0 0"><span class='ocrx_word' id='word_1_2' title='bbox 10 92 14 102; x_wconf 72' lang='lat'>¹</span> <span class='ocrx_word' id='word_1_3' title='bbox 26 103 27 106; x_wconf 45' lang='grc'><strong>1</strong></span> 
     </span>
     <span class='ocr_line' id='line_1_3' title="bbox 23 170 46 185; baseline 0 -4"><span class='ocrx_word' id='word_1_4' title='bbox 23 170 46 185; x_wconf 46' lang='grc' dir='ltr'>ψ</span> 
     </span>
     <span class='ocr_line' id='line_1_4' title="bbox 20 197 47 208; baseline 0 0"><span class='ocrx_word' id='word_1_5' title='bbox 20 197 47 208; x_wconf 67' lang='grc' dir='ltr'><strong><em>ο</em></strong></span> 
     </span>
    </p>
   </div>
   <div class='ocr_carea' id='block_1_2' title="bbox 0 0 174 89">
    <p class='ocr_par' dir='ltr' id='par_1_2' title="bbox 0 0 174 89">
     <span class='ocr_line' id='line_1_5' title="bbox 0 0 174 89; baseline 0 3205"><span class='ocrx_word' id='word_1_6' title='bbox 0 0 174 89; x_wconf 95' lang='lat' dir='ltr'><strong> </strong></span> 
     </span>
    </p>
   </div>
   <div class='ocr_carea' id='block_1_3' title="bbox 741 169 1032 214">
    <p class='ocr_par' dir='ltr' id='par_1_3' title="bbox 741 169 1032 214">
     <span class='ocr_line' id='line_1_6' title="bbox 741 169 1032 214; baseline -0.007 -11"><span class='ocrx_word' id='word_1_7' title='bbox 741 169 1032 214; x_wconf 78' lang='grc'>-73-</span> 
     </span>
    </p>
   </div>
   <div class='ocr_carea' id='block_1_4' title="bbox 71 274 1669 1471">
    <p class='ocr_par' dir='ltr' id='par_1_4' title="bbox 119 274 1659 336">
     <span class='ocr_line' id='line_1_7' title="bbox 119 274 1659 336; baseline -0.006 -10"><span class='ocrx_word' id='word_1_8' title='bbox 119 281 408 327; x_wconf 87' lang='lat' dir='ltr'><strong>Obuenisse</strong></span> <span class='ocrx_word' id='word_1_9' title='bbox 457 280 629 323; x_wconf 86' lang='lat' dir='ltr'><strong>uisum</strong></span> <span class='ocrx_word' id='word_1_10' title='bbox 661 278 988 336; x_wconf 82' lang='lat' dir='ltr'><strong>†canimago</strong></span> <span class='ocrx_word' id='word_1_11' title='bbox 1032 276 1311 334; x_wconf 87' lang='lat' dir='ltr'><strong>prouerbium</strong></span> <span class='ocrx_word' id='word_1_12' title='bbox 1360 277 1428 318; x_wconf 88' lang='lat' dir='ltr'><strong>est</strong></span> <span class='ocrx_word' id='word_1_13' title='bbox 1476 274 1523 317; x_wconf 88' lang='lat' dir='ltr'><strong>in</strong></span> <span class='ocrx_word' id='word_1_14' title='bbox 1567 288 1659 330; x_wconf 84' lang='lat' dir='ltr'><strong>eos,</strong></span> 
     </span>
    </p>

    <p class='ocr_par' dir='ltr' id='par_1_5' title="bbox 209 334 1493 397">
     <span class='ocr_line' id='line_1_8' title="bbox 209 334 1493 397; baseline -0.006 -12"><span class='ocrx_word' id='word_1_15' title='bbox 209 341 336 385; x_wconf 87' lang='lat' dir='ltr'><strong>uibus</strong></span> <span class='ocrx_word' id='word_1_16' title='bbox 367 343 540 397; x_wconf 84' lang='lat' dir='ltr'><strong>praeter</strong></span> <span class='ocrx_word' id='word_1_17' title='bbox 571 355 691 396; x_wconf 80' lang='lat' dir='ltr'><strong>spem</strong></span> <span class='ocrx_word' id='word_1_18' title='bbox 724 337 942 394; x_wconf 84' lang='lat' dir='ltr'><strong>contingit</strong></span> <span class='ocrx_word' id='word_1_19' title='bbox 972 336 1138 394; x_wconf 81' lang='lat' dir='ltr'><strong>aliquid</strong></span> <span class='ocrx_word' id='word_1_20' title='bbox 1170 336 1238 379; x_wconf 87' lang='lat' dir='ltr'><strong>uel</strong></span> <span class='ocrx_word' id='word_1_21' title='bbox 1272 334 1493 378; x_wconf 81' lang='lat' dir='ltr'><strong>successit.</strong></span> 
     </span>
    </p>

    <p class='ocr_par' dir='ltr' id='par_1_6' title="bbox 121 394 1660 517">
     <span class='ocr_line' id='line_1_9' title="bbox 121 394 1658 455; baseline -0.007 -10"><span class='ocrx_word' id='word_1_22' title='bbox 121 400 190 445; x_wconf 77' lang='lat' dir='ltr'><strong>Of</strong></span> <span class='ocrx_word' id='word_1_23' title='bbox 216 399 469 455; x_wconf 83' lang='lat' dir='ltr'><strong>uciarum,</strong></span> <span class='ocrx_word' id='word_1_24' title='bbox 500 399 773 443; x_wconf 80' lang='lat' dir='ltr'><strong>fallaciarum</strong></span> <span class='ocrx_word' id='word_1_25' title='bbox 806 399 881 441; x_wconf 83' lang='lat' dir='ltr'><strong>aut</strong></span> <span class='ocrx_word' id='word_1_26' title='bbox 900 412 1045 440; x_wconf 89' lang='lat' dir='ltr'><strong>rerum</strong></span> <span class='ocrx_word' id='word_1_27' title='bbox 1065 396 1118 439; x_wconf 81' lang='lat' dir='ltr'><strong>ad</strong></span> <span class='ocrx_word' id='word_1_28' title='bbox 1138 395 1436 451; x_wconf 88' lang='lat' dir='ltr'><strong>decipiendum</strong></span> <span class='ocrx_word' id='word_1_29' title='bbox 1465 394 1658 450; x_wconf 84' lang='lat' dir='ltr'><strong>speciose</strong></span> 
     </span>
     <span class='ocr_line' id='line_1_10' title="bbox 180 452 1660 517; baseline -0.006 -13"><span class='ocrx_word' id='word_1_30' title='bbox 180 463 548 517; x_wconf 71' lang='lat' dir='ltr'><strong>comparaturum,</strong></span> <span class='ocrx_word' id='word_1_31' title='bbox 597 458 759 502; x_wconf 89' lang='lat' dir='ltr'><strong>dictum</strong></span> <span class='ocrx_word' id='word_1_32' title='bbox 809 457 863 500; x_wconf 89' lang='lat' dir='ltr'><strong>ab</strong></span> <span class='ocrx_word' id='word_1_33' title='bbox 920 456 1165 511; x_wconf 86' lang='lat' dir='ltr'><strong>offucaudo,</strong></span> <span class='ocrx_word' id='word_1_34' title='bbox 1215 454 1329 511; x_wconf 85' lang='lat' dir='ltr'><strong>quod</strong></span> <span class='ocrx_word' id='word_1_35' title='bbox 1379 457 1448 497; x_wconf 88' lang='lat' dir='ltr'><strong>est</strong></span> <span class='ocrx_word' id='word_1_36' title='bbox 1491 452 1660 496; x_wconf 84' lang='lat' dir='ltr'><strong>‘furtim</strong></span> 
     </span>
    </p>

    <p class='ocr_par' dir='ltr' id='par_1_7' title="bbox 84 518 929 564">
     <span class='ocr_line' id='line_1_11' title="bbox 84 518 929 564; baseline -0.007 1"><span class='ocrx_word' id='word_1_37' title='bbox 84 532 103 559; x_wconf 77' lang='lat'><strong>⁶</strong></span> <span class='ocrx_word' id='word_1_38' title='bbox 181 518 405 564; x_wconf 84' lang='lat' dir='ltr'><strong>colorare’.</strong></span> <span class='ocrx_word' id='word_1_39' title='bbox 927 548 929 551; x_wconf 85' lang='lat'>-</span> 
     </span>
    </p>

    <p class='ocr_par' dir='ltr' id='par_1_8' title="bbox 123 571 1661 754">
     <span class='ocr_line' id='line_1_12' title="bbox 123 571 1661 635; baseline -0.007 -11"><span class='ocrx_word' id='word_1_40' title='bbox 123 579 380 635; x_wconf 88' lang='lat' dir='ltr'><strong>Oburuas,</strong></span> <span class='ocrx_word' id='word_1_41' title='bbox 417 577 746 622; x_wconf 79' lang='lat' dir='ltr'><strong>circumscribis.</strong></span> <span class='ocrx_word' id='word_1_42' title='bbox 802 576 965 619; x_wconf 87' lang='lat' dir='ltr'><strong>dictum</strong></span> <span class='ocrx_word' id='word_1_43' title='bbox 1003 575 1057 618; x_wconf 86' lang='lat' dir='ltr'><strong>ab</strong></span> <span class='ocrx_word' id='word_1_44' title='bbox 1099 589 1226 629; x_wconf 86' lang='lat' dir='ltr'><strong>uruo,</strong></span> <span class='ocrx_word' id='word_1_45' title='bbox 1270 588 1380 629; x_wconf 87' lang='lat' dir='ltr'><strong>quae</strong></span> <span class='ocrx_word' id='word_1_46' title='bbox 1418 574 1486 615; x_wconf 79' lang='lat' dir='ltr'><strong>est</strong></span> <span class='ocrx_word' id='word_1_47' title='bbox 1522 571 1661 615; x_wconf 87' lang='lat' dir='ltr'><strong>incur-</strong></span> 
     </span>
     <span class='ocr_line' id='line_1_13' title="bbox 180 632 1660 695; baseline -0.007 -12"><span class='ocrx_word' id='word_1_48' title='bbox 180 641 340 695; x_wconf 67' lang='lat' dir='ltr'><strong>uatpra</strong></span> <span class='ocrx_word' id='word_1_49' title='bbox 380 637 536 694; x_wconf 77' lang='lat' dir='ltr'><strong>aratri,</strong></span> <span class='ocrx_word' id='word_1_50' title='bbox 580 637 651 680; x_wconf 91' lang='lat' dir='ltr'><strong>uel</strong></span> <span class='ocrx_word' id='word_1_51' title='bbox 696 651 722 679; x_wconf 88' lang='lat' dir='ltr'><strong>a</strong></span> <span class='ocrx_word' id='word_1_52' title='bbox 770 636 890 679; x_wconf 86' lang='lat' dir='ltr'><strong>sulco</strong></span> <span class='ocrx_word' id='word_1_53' title='bbox 934 634 1126 690; x_wconf 88' lang='lat' dir='ltr'><strong>urbium,</strong></span> <span class='ocrx_word' id='word_1_54' title='bbox 1175 633 1249 689; x_wconf 88' lang='lat' dir='ltr'><strong>qui</strong></span> <span class='ocrx_word' id='word_1_55' title='bbox 1295 632 1461 688; x_wconf 85' lang='lat' dir='ltr'><strong>primus</strong></span> <span class='ocrx_word' id='word_1_56' title='bbox 1513 633 1660 674; x_wconf 87' lang='lat' dir='ltr'><strong>aratro</strong></span> 
     </span>
     <span class='ocr_line' id='line_1_14' title="bbox 182 692 1542 754; baseline -0.006 -13"><span class='ocrx_word' id='word_1_57' title='bbox 182 697 495 742; x_wconf 83' lang='lat' dir='ltr'><strong>circumductus</strong></span> <span class='ocrx_word' id='word_1_58' title='bbox 526 699 705 754; x_wconf 84' lang='lat' dir='ltr'><strong>propter</strong></span> <span class='ocrx_word' id='word_1_59' title='bbox 737 695 1013 739; x_wconf 81' lang='lat' dir='ltr'><strong>altitudinem</strong></span> <span class='ocrx_word' id='word_1_60' title='bbox 1045 708 1192 737; x_wconf 88' lang='lat' dir='ltr'><strong>murus</strong></span> <span class='ocrx_word' id='word_1_61' title='bbox 1225 692 1542 749; x_wconf 83' lang='lat' dir='ltr'><strong>appellabatur.</strong></span> 
     </span>
    </p>

    <p class='ocr_par' dir='ltr' id='par_1_9' title="bbox 123 754 1110 815">
     <span class='ocr_line' id='line_1_15' title="bbox 123 754 1110 815; baseline -0.006 -13"><span class='ocrx_word' id='word_1_62' title='bbox 123 758 420 815; x_wconf 86' lang='lat' dir='ltr'><strong>Obpletum,</strong></span> <span class='ocrx_word' id='word_1_63' title='bbox 452 757 638 800; x_wconf 91' lang='lat' dir='ltr'><strong>oblitum</strong></span> <span class='ocrx_word' id='word_1_64' title='bbox 670 771 805 812; x_wconf 82' lang='lat' dir='ltr'><strong>usque</strong></span> <span class='ocrx_word' id='word_1_65' title='bbox 838 755 891 798; x_wconf 74' lang='lat' dir='ltr'><strong>ad</strong></span> <span class='ocrx_word' id='word_1_66' title='bbox 922 754 1110 810; x_wconf 85' lang='lat' dir='ltr'><strong>plenum.</strong></span> 
     </span>
    </p>

    <p class='ocr_par' dir='ltr' id='par_1_10' title="bbox 71 811 1474 994">
     <span class='ocr_line' id='line_1_16' title="bbox 71 811 1291 875; baseline -0.007 -13"><span class='ocrx_word' id='word_1_67' title='bbox 71 830 106 857; x_wconf 77' lang='grc' dir='ltr'><strong>ιο</strong></span> <span class='ocrx_word' id='word_1_68' title='bbox 124 817 346 875; x_wconf 86' lang='lat' dir='ltr'><strong>Oppido,</strong></span> <span class='ocrx_word' id='word_1_69' title='bbox 379 818 543 873; x_wconf 89' lang='lat' dir='ltr'><strong>[quem]</strong></span> <span class='ocrx_word' id='word_1_70' title='bbox 578 815 819 860; x_wconf 85' lang='lat' dir='ltr'><strong>admodum.</strong></span> <span class='ocrx_word' id='word_1_71' title='bbox 869 814 942 858; x_wconf 84' lang='lat' dir='ltr'><strong>sed</strong></span> <span class='ocrx_word' id='word_1_72' title='bbox 973 828 1087 856; x_wconf 91' lang='lat' dir='ltr'><strong>nunc</strong></span> <span class='ocrx_word' id='word_1_73' title='bbox 1120 811 1291 856; x_wconf 77' lang='lat' dir='ltr'><strong>‘ualde&#39;.</strong></span> 
     </span>
     <span class='ocr_line' id='line_1_17' title="bbox 124 876 877 934; baseline -0.005 -13"><span class='ocrx_word' id='word_1_74' title='bbox 124 878 372 934; x_wconf 88' lang='lat' dir='ltr'><strong>Opipare,</strong></span> <span class='ocrx_word' id='word_1_75' title='bbox 403 877 521 920; x_wconf 87' lang='lat' dir='ltr'><strong>laute</strong></span> <span class='ocrx_word' id='word_1_76' title='bbox 553 876 877 932; x_wconf 85' lang='lat' dir='ltr'><strong>opulenterque.</strong></span> 
     </span>
     <span class='ocr_line' id='line_1_18' title="bbox 125 931 1474 994; baseline -0.004 -14"><span class='ocrx_word' id='word_1_77' title='bbox 125 937 311 994; x_wconf 82' lang='lat' dir='ltr'><strong>Opiter</strong></span> <span class='ocrx_word' id='word_1_78' title='bbox 341 939 426 992; x_wconf 90' lang='lat' dir='ltr'><strong>est,</strong></span> <span class='ocrx_word' id='word_1_79' title='bbox 457 936 531 992; x_wconf 91' lang='lat' dir='ltr'><strong>qui</strong></span> <span class='ocrx_word' id='word_1_80' title='bbox 562 935 683 979; x_wconf 87' lang='lat' dir='ltr'><strong>obito</strong></span> <span class='ocrx_word' id='word_1_81' title='bbox 714 938 837 990; x_wconf 90' lang='lat' dir='ltr'><strong>patre</strong></span> <span class='ocrx_word' id='word_1_82' title='bbox 869 935 914 976; x_wconf 90' lang='lat' dir='ltr'><strong>et</strong></span> <span class='ocrx_word' id='word_1_83' title='bbox 945 948 1027 976; x_wconf 87' lang='lat' dir='ltr'><strong>auo</strong></span> <span class='ocrx_word' id='word_1_84' title='bbox 1060 933 1234 975; x_wconf 87' lang='lat' dir='ltr'><strong>uiuente</strong></span> <span class='ocrx_word' id='word_1_85' title='bbox 1266 931 1474 975; x_wconf 84' lang='lat' dir='ltr'><strong>nascitur.</strong></span> 
     </span>
    </p>

    <p class='ocr_par' dir='ltr' id='par_1_11' title="bbox 89 992 1233 1112">
     <span class='ocr_line' id='line_1_19' title="bbox 89 992 1233 1052; baseline -0.005 -12"><span class='ocrx_word' id='word_1_86' title='bbox 89 1003 96 1011; x_wconf 88' lang='lat'>&#39;</span> <span class='ocrx_word' id='word_1_87' title='bbox 125 996 494 1052; x_wconf 85' lang='lat' dir='ltr'><strong>Obfirmatum,</strong></span> <span class='ocrx_word' id='word_1_88' title='bbox 525 996 647 1038; x_wconf 87' lang='lat' dir='ltr'><strong>firme</strong></span> <span class='ocrx_word' id='word_1_89' title='bbox 679 995 917 1048; x_wconf 82' lang='lat' dir='ltr'><strong>decretum,</strong></span> <span class='ocrx_word' id='word_1_90' title='bbox 949 992 1233 1035; x_wconf 87' lang='lat' dir='ltr'><strong>obstinatum.</strong></span> 
     </span>
     <span class='ocr_line' id='line_1_20' title="bbox 126 1052 1163 1112; baseline -0.005 -13"><span class='ocrx_word' id='word_1_91' title='bbox 126 1056 406 1112; x_wconf 88' lang='lat' dir='ltr'><strong>Occedere‚</strong></span> <span class='ocrx_word' id='word_1_92' title='bbox 437 1070 658 1099; x_wconf 90' lang='lat' dir='ltr'><strong>occurrere</strong></span> <span class='ocrx_word' id='word_1_93' title='bbox 691 1054 762 1097; x_wconf 92' lang='lat' dir='ltr'><strong>uel</strong></span> <span class='ocrx_word' id='word_1_94' title='bbox 793 1053 970 1096; x_wconf 90' lang='lat' dir='ltr'><strong>obuiam</strong></span> <span class='ocrx_word' id='word_1_95' title='bbox 1002 1052 1163 1095; x_wconf 88' lang='lat' dir='ltr'><strong>cedere.</strong></span> 
     </span>
    </p>

    <p class='ocr_par' dir='ltr' id='par_1_12' title="bbox 74 1113 1049 1172">
     <span class='ocr_line' id='line_1_21' title="bbox 74 1113 1049 1172; baseline -0.006 -12"><span class='ocrx_word' id='word_1_96' title='bbox 74 1128 108 1154; x_wconf 81' lang='lat'><strong>1⁵</strong></span> <span class='ocrx_word' id='word_1_97' title='bbox 126 1115 459 1172; x_wconf 81' lang='lat' dir='ltr'><strong>Oblegatum,</strong></span> <span class='ocrx_word' id='word_1_98' title='bbox 490 1115 752 1170; x_wconf 86' lang='lat' dir='ltr'><strong>iniunctum,</strong></span> <span class='ocrx_word' id='word_1_99' title='bbox 783 1113 1049 1156; x_wconf 82' lang='lat' dir='ltr'><strong>mandatum.</strong></span> 
     </span>
    </p>

    <p class='ocr_par' dir='ltr' id='par_1_13' title="bbox 127 1173 813 1231">
     <span class='ocr_line' id='line_1_22' title="bbox 127 1173 813 1231; baseline -0.003 -13"><span class='ocrx_word' id='word_1_100' title='bbox 127 1175 404 1231; x_wconf 90' lang='lat' dir='ltr'><strong>Obpetere,</strong></span> <span class='ocrx_word' id='word_1_101' title='bbox 436 1175 556 1218; x_wconf 90' lang='lat' dir='ltr'><strong>obire</strong></span> <span class='ocrx_word' id='word_1_102' title='bbox 588 1174 658 1217; x_wconf 93' lang='lat' dir='ltr'><strong>uel</strong></span> <span class='ocrx_word' id='word_1_103' title='bbox 690 1173 813 1216; x_wconf 88' lang='lat' dir='ltr'><strong>mori.</strong></span> 
     </span>
    </p>

    <p class='ocr_par' dir='ltr' id='par_1_14' title="bbox 128 1233 853 1290">
     <span class='ocr_line' id='line_1_23' title="bbox 128 1233 853 1290; baseline -0.003 -12"><span class='ocrx_word' id='word_1_104' title='bbox 128 1235 566 1290; x_wconf 86' lang='lat' dir='ltr'><strong>Obstrudulenta‚</strong></span> <span class='ocrx_word' id='word_1_105' title='bbox 598 1233 853 1290; x_wconf 84' lang='lat' dir='ltr'><strong>appetenda.</strong></span> 
     </span>
    </p>

    <p class='ocr_par' dir='ltr' id='par_1_15' title="bbox 129 1291 1205 1350">
     <span class='ocr_line' id='line_1_24' title="bbox 129 1291 1205 1350; baseline -0.005 -12"><span class='ocrx_word' id='word_1_106' title='bbox 129 1294 304 1350; x_wconf 84' lang='lat' dir='ltr'><strong>Oriae,</strong></span> <span class='ocrx_word' id='word_1_107' title='bbox 335 1295 446 1337; x_wconf 89' lang='lat' dir='ltr'><strong>freni</strong></span> <span class='ocrx_word' id='word_1_108' title='bbox 478 1297 522 1337; x_wconf 89' lang='lat' dir='ltr'><strong>et</strong></span> <span class='ocrx_word' id='word_1_109' title='bbox 552 1294 766 1348; x_wconf 86' lang='lat' dir='ltr'><strong>habenae,</strong></span> <span class='ocrx_word' id='word_1_110' title='bbox 798 1293 852 1335; x_wconf 91' lang='lat' dir='ltr'><strong>ab</strong></span> <span class='ocrx_word' id='word_1_111' title='bbox 885 1306 960 1335; x_wconf 89' lang='lat' dir='ltr'><strong>ore</strong></span> <span class='ocrx_word' id='word_1_112' title='bbox 991 1291 1205 1334; x_wconf 89' lang='lat' dir='ltr'><strong>dicuntur.</strong></span> 
     </span>
    </p>

    <p class='ocr_par' dir='ltr' id='par_1_16' title="bbox 128 1349 1669 1410">
     <span class='ocr_line' id='line_1_25' title="bbox 128 1349 1669 1410; baseline -0.004 -13"><span class='ocrx_word' id='word_1_113' title='bbox 128 1354 440 1410; x_wconf 73' lang='lat' dir='ltr'><strong>Ommentat,</strong></span> <span class='ocrx_word' id='word_1_114' title='bbox 460 1356 670 1410; x_wconf 86' lang='lat' dir='ltr'><strong>expectat.</strong></span> <span class='ocrx_word' id='word_1_115' title='bbox 707 1353 870 1396; x_wconf 88' lang='lat' dir='ltr'><strong>dictum</strong></span> <span class='ocrx_word' id='word_1_116' title='bbox 890 1368 916 1395; x_wconf 88' lang='lat' dir='ltr'><strong>a</strong></span> <span class='ocrx_word' id='word_1_117' title='bbox 934 1351 1169 1394; x_wconf 87' lang='lat' dir='ltr'><strong>mantando</strong></span> <span class='ocrx_word' id='word_1_118' title='bbox 1190 1351 1234 1393; x_wconf 93' lang='lat' dir='ltr'><strong>id</strong></span> <span class='ocrx_word' id='word_1_119' title='bbox 1254 1352 1324 1393; x_wconf 85' lang='lat' dir='ltr'><strong>est</strong></span> <span class='ocrx_word' id='word_1_120' title='bbox 1350 1350 1422 1392; x_wconf 90' lang='lat' dir='ltr'><strong>diu</strong></span> <span class='ocrx_word' id='word_1_121' title='bbox 1443 1349 1669 1392; x_wconf 86' lang='lat' dir='ltr'><strong>manendo.</strong></span> 
     </span>
    </p>

    <p class='ocr_par' dir='ltr' id='par_1_17' title="bbox 75 1411 1126 1471">
     <span class='ocr_line' id='line_1_26' title="bbox 75 1411 1126 1471; baseline -0.004 -14"><span class='ocrx_word' id='word_1_122' title='bbox 75 1413 327 1458; x_wconf 81' lang='lat' dir='ltr'><strong>2⁰Officio</strong></span> <span class='ocrx_word' id='word_1_123' title='bbox 361 1414 633 1471; x_wconf 86' lang='lat' dir='ltr'><strong>migrauit,</strong></span> <span class='ocrx_word' id='word_1_124' title='bbox 671 1413 725 1456; x_wconf 88' lang='lat' dir='ltr'><strong>ab</strong></span> <span class='ocrx_word' id='word_1_125' title='bbox 758 1412 902 1455; x_wconf 89' lang='lat' dir='ltr'><strong>officio</strong></span> <span class='ocrx_word' id='word_1_126' title='bbox 934 1411 1126 1454; x_wconf 78' lang='lat' dir='ltr'><strong>recessit.</strong></span> 
     </span>
    </p>
   </div>
   <div class='ocr_carea' id='block_1_5' title="bbox 130 1537 412 1542">
    <p class='ocr_par' dir='ltr' id='par_1_18' title="bbox 130 1537 412 1542">
     <span class='ocr_line' id='line_1_27' title="bbox 130 1537 412 1542; baseline 0 0"><span class='ocrx_word' id='word_1_127' title='bbox 130 1537 412 1542; x_wconf 95' lang='lat' dir='ltr'><strong> </strong></span> 
     </span>
    </p>
   </div>
   <div class='ocr_carea' id='block_1_6' title="bbox 131 1599 1675 2174">
    <p class='ocr_par' dir='ltr' id='par_1_19' title="bbox 131 1599 1675 2174">
     <span class='ocr_line' id='line_1_28' title="bbox 226 1599 1668 1649; baseline -0.004 -9"><span class='ocrx_word' id='word_1_128' title='bbox 226 1607 244 1640; x_wconf 90' lang='lat'><strong>1</strong></span> <span class='ocrx_word' id='word_1_129' title='bbox 271 1603 394 1640; x_wconf 89' lang='lat' dir='ltr'><strong>uisum</strong></span> <span class='ocrx_word' id='word_1_130' title='bbox 415 1603 447 1639; x_wconf 80' lang='lat' dir='ltr'><strong><em>G</em></strong></span> <span class='ocrx_word' id='word_1_131' title='bbox 464 1605 470 1649; x_wconf 88' lang='grc' dir='ltr'>Ι</span> <span class='ocrx_word' id='word_1_132' title='bbox 493 1602 688 1648; x_wconf 85' lang='lat' dir='ltr'><strong>canimago</strong></span> <span class='ocrx_word' id='word_1_133' title='bbox 708 1602 756 1647; x_wconf 83' lang='lat' dir='ltr'><strong>R,</strong></span> <span class='ocrx_word' id='word_1_134' title='bbox 781 1602 826 1638; x_wconf 76' lang='lat' dir='ltr'><strong>ca</strong></span> <span class='ocrx_word' id='word_1_135' title='bbox 843 1613 956 1648; x_wconf 85' lang='lat' dir='ltr'><strong>mago</strong></span> <span class='ocrx_word' id='word_1_136' title='bbox 979 1613 1012 1647; x_wconf 88' lang='lat' dir='ltr'><strong>v,</strong></span> <span class='ocrx_word' id='word_1_137' title='bbox 1038 1601 1223 1646; x_wconf 80' lang='lat' dir='ltr'><strong>caninaga</strong></span> <span class='ocrx_word' id='word_1_138' title='bbox 1242 1600 1281 1646; x_wconf 80' lang='lat'><strong>0,</strong></span> <span class='ocrx_word' id='word_1_139' title='bbox 1307 1599 1519 1646; x_wconf 85' lang='lat' dir='ltr'><strong>camimaga</strong></span> <span class='ocrx_word' id='word_1_140' title='bbox 1545 1599 1626 1635; x_wconf 82' lang='lat' dir='ltr'><strong>Vat.</strong></span> <span class='ocrx_word' id='word_1_141' title='bbox 1648 1603 1668 1634; x_wconf 99' lang='grc'>2</span> 
     </span>
     <span class='ocr_line' id='line_1_29' title="bbox 134 1647 1667 1698; baseline -0.004 -10"><span class='ocrx_word' id='word_1_142' title='bbox 134 1651 138 1698; x_wconf 81' lang='grc' dir='ltr'>Ι</span> <span class='ocrx_word' id='word_1_143' title='bbox 166 1653 224 1688; x_wconf 83' lang='lat' dir='ltr'><strong>cst</strong></span> <span class='ocrx_word' id='word_1_144' title='bbox 249 1651 295 1688; x_wconf 76' lang='lat' dir='ltr'><strong>C:</strong></span> <span class='ocrx_word' id='word_1_145' title='bbox 318 1663 386 1689; x_wconf 85' lang='lat' dir='ltr'><strong>om.</strong></span> <span class='ocrx_word' id='word_1_146' title='bbox 412 1665 440 1687; x_wconf 85' lang='grc' dir='ltr'><em>ω</em></span> <span class='ocrx_word' id='word_1_147' title='bbox 538 1656 559 1687; x_wconf 92' lang='grc'><strong>3</strong></span> <span class='ocrx_word' id='word_1_148' title='bbox 587 1650 814 1687; x_wconf 85' lang='lat' dir='ltr'><strong>Offuciarum</strong></span> <span class='ocrx_word' id='word_1_149' title='bbox 832 1662 896 1695; x_wconf 83' lang='lat' dir='ltr'><strong>vp:</strong></span> <span class='ocrx_word' id='word_1_150' title='bbox 923 1649 1146 1686; x_wconf 86' lang='lat' dir='ltr'><strong>Offutiarum</strong></span> <span class='ocrx_word' id='word_1_151' title='bbox 1167 1649 1244 1693; x_wconf 83' lang='lat' dir='ltr'><strong>GR,</strong></span> <span class='ocrx_word' id='word_1_152' title='bbox 1259 1648 1497 1684; x_wconf 85' lang='lat' dir='ltr'><strong>Offutiarium</strong></span> <span class='ocrx_word' id='word_1_153' title='bbox 1517 1647 1562 1682; x_wconf 89' lang='lat' dir='ltr'><em>H</em></span> <span class='ocrx_word' id='word_1_154' title='bbox 1575 1658 1667 1682; x_wconf 88' lang='lat' dir='ltr'><strong>corr.</strong></span> 
     </span>
     <span class='ocr_line' id='line_1_30' title="bbox 132 1695 1672 1745; baseline -0.003 -10"><span class='ocrx_word' id='word_1_155' title='bbox 132 1699 298 1735; x_wconf 78' lang='lat' dir='ltr'><strong>Offuciae</strong></span> <span class='ocrx_word' id='word_1_156' title='bbox 342 1699 486 1745; x_wconf 79' lang='lat' dir='ltr'><strong>Papias</strong></span> <span class='ocrx_word' id='word_1_157' title='bbox 514 1701 519 1744; x_wconf 85' lang='grc' dir='ltr'>Ι</span> <span class='ocrx_word' id='word_1_158' title='bbox 549 1699 782 1735; x_wconf 78' lang='lat' dir='ltr'><strong>fallaciarum</strong></span> <span class='ocrx_word' id='word_1_159' title='bbox 830 1698 986 1734; x_wconf 77' lang='lat' dir='ltr'><strong>Kettner</strong></span> <span class='ocrx_word' id='word_1_160' title='bbox 1030 1701 1063 1733; x_wconf 88' lang='lat' dir='ltr'><strong>et</strong></span> <span class='ocrx_word' id='word_1_161' title='bbox 1102 1697 1263 1732; x_wconf 82' lang='lat' dir='ltr'><strong>De-Vit:</strong></span> <span class='ocrx_word' id='word_1_162' title='bbox 1298 1695 1471 1732; x_wconf 86' lang='lat' dir='ltr'><strong>fallaciae</strong></span> <span class='ocrx_word' id='word_1_163' title='bbox 1518 1695 1672 1740; x_wconf 78' lang='lat' dir='ltr'><strong>Papias,</strong></span> 
     </span>
     <span class='ocr_line' id='line_1_31' title="bbox 131 1743 1671 1792; baseline -0.003 -9"><span class='ocrx_word' id='word_1_164' title='bbox 131 1747 324 1783; x_wconf 81' lang='lat' dir='ltr'><strong>fallacium</strong></span> <span class='ocrx_word' id='word_1_165' title='bbox 339 1746 557 1792; x_wconf 86' lang='lat' dir='ltr'><strong>(fallatium)</strong></span> <span class='ocrx_word' id='word_1_166' title='bbox 575 1746 647 1782; x_wconf 80' lang='lat' dir='ltr'><strong>PG</strong></span> <span class='ocrx_word' id='word_1_167' title='bbox 743 1750 765 1781; x_wconf 89' lang='lat'>4</span> <span class='ocrx_word' id='word_1_168' title='bbox 785 1745 982 1782; x_wconf 86' lang='lat' dir='ltr'><strong>offucando</strong></span> <span class='ocrx_word' id='word_1_169' title='bbox 1002 1745 1052 1781; x_wconf 79' lang='lat' dir='ltr'><strong>G:</strong></span> <span class='ocrx_word' id='word_1_170' title='bbox 1073 1744 1272 1780; x_wconf 82' lang='lat' dir='ltr'><strong>officiando</strong></span> <span class='ocrx_word' id='word_1_171' title='bbox 1291 1743 1369 1779; x_wconf 88' lang='lat' dir='ltr'><strong>HR</strong></span> <span class='ocrx_word' id='word_1_172' title='bbox 1388 1744 1426 1788; x_wconf 87' lang='lat' dir='ltr'><strong>(a</strong></span> <span class='ocrx_word' id='word_1_173' title='bbox 1443 1745 1485 1778; x_wconf 77' lang='lat' dir='ltr'><strong>in</strong></span> <span class='ocrx_word' id='word_1_174' title='bbox 1497 1743 1542 1778; x_wconf 87' lang='lat' dir='ltr'><strong><em>H</em></strong></span> <span class='ocrx_word' id='word_1_175' title='bbox 1550 1744 1671 1787; x_wconf 87' lang='lat' dir='ltr'><strong>corr.)‚</strong></span> 
     </span>
     <span class='ocr_line' id='line_1_32' title="bbox 132 1790 1671 1839; baseline -0.003 -10"><span class='ocrx_word' id='word_1_176' title='bbox 132 1794 339 1831; x_wconf 85' lang='lat' dir='ltr'><strong>offaciendo</strong></span> <span class='ocrx_word' id='word_1_177' title='bbox 367 1794 398 1831; x_wconf 81' lang='lat' dir='ltr'><em>G</em></span> <span class='ocrx_word' id='word_1_178' title='bbox 526 1798 547 1830; x_wconf 87' lang='lat'>5</span> <span class='ocrx_word' id='word_1_179' title='bbox 574 1794 740 1830; x_wconf 88' lang='lat' dir='ltr'><strong>colorare</strong></span> <span class='ocrx_word' id='word_1_180' title='bbox 765 1794 913 1839; x_wconf 81' lang='lat' dir='ltr'><strong>scripsi:</strong></span> <span class='ocrx_word' id='word_1_181' title='bbox 941 1793 1123 1829; x_wconf 86' lang='lat' dir='ltr'><strong>collocare</strong></span> <span class='ocrx_word' id='word_1_182' title='bbox 1149 1793 1237 1827; x_wconf 82' lang='lat' dir='ltr'><strong>libri</strong></span> <span class='ocrx_word' id='word_1_183' title='bbox 1369 1796 1390 1827; x_wconf 83' lang='lat'><strong>6</strong></span> <span class='ocrx_word' id='word_1_184' title='bbox 1418 1791 1588 1827; x_wconf 86' lang='lat' dir='ltr'><strong>Oburuas</strong></span> <span class='ocrx_word' id='word_1_185' title='bbox 1614 1790 1671 1825; x_wconf 86' lang='lat' dir='ltr'><strong>H:</strong></span> 
     </span>
     <span class='ocr_line' id='line_1_33' title="bbox 135 1837 1675 1887; baseline -0.003 -9"><span class='ocrx_word' id='word_1_186' title='bbox 135 1842 306 1879; x_wconf 90' lang='lat' dir='ltr'><strong>Oburbas</strong></span> <span class='ocrx_word' id='word_1_187' title='bbox 333 1842 407 1887; x_wconf 76' lang='lat' dir='ltr'><strong>OG,</strong></span> <span class='ocrx_word' id='word_1_188' title='bbox 434 1841 602 1878; x_wconf 86' lang='lat' dir='ltr'><strong>Obarbas</strong></span> <span class='ocrx_word' id='word_1_189' title='bbox 626 1842 802 1887; x_wconf 74' lang='lat' dir='ltr'><strong>Rmaryo</strong></span> <span class='ocrx_word' id='word_1_190' title='bbox 821 1841 866 1876; x_wconf 88' lang='lat' dir='ltr'><em>H</em></span> <span class='ocrx_word' id='word_1_191' title='bbox 883 1842 888 1886; x_wconf 89' lang='grc' dir='ltr'>Ι</span> <span class='ocrx_word' id='word_1_192' title='bbox 908 1852 1002 1877; x_wconf 87' lang='lat' dir='ltr'><strong>uruo</strong></span> <span class='ocrx_word' id='word_1_193' title='bbox 1028 1839 1086 1875; x_wconf 89' lang='lat' dir='ltr'><strong>H:</strong></span> <span class='ocrx_word' id='word_1_194' title='bbox 1113 1840 1203 1876; x_wconf 90' lang='lat' dir='ltr'><strong>orbo</strong></span> <span class='ocrx_word' id='word_1_195' title='bbox 1231 1839 1276 1885; x_wconf 81' lang='grc' dir='ltr'><strong>Ο,</strong></span> <span class='ocrx_word' id='word_1_196' title='bbox 1302 1838 1391 1875; x_wconf 88' lang='lat' dir='ltr'><strong>arbo</strong></span> <span class='ocrx_word' id='word_1_197' title='bbox 1417 1838 1454 1874; x_wconf 87' lang='lat' dir='ltr'><em>R</em></span> <span class='ocrx_word' id='word_1_198' title='bbox 1479 1849 1604 1884; x_wconf 65' lang='lat' dir='ltr'><strong>margo</strong></span> <span class='ocrx_word' id='word_1_199' title='bbox 1631 1837 1675 1872; x_wconf 89' lang='lat' dir='ltr'><strong><em>H</em></strong></span> 
     </span>
     <span class='ocr_line' id='line_1_34' title="bbox 136 1885 1674 1936; baseline -0.004 -10"><span class='ocrx_word' id='word_1_200' title='bbox 136 1891 140 1935; x_wconf 71' lang='lat' dir='ltr'><strong>l</strong></span> <span class='ocrx_word' id='word_1_201' title='bbox 170 1901 267 1936; x_wconf 86' lang='lat' dir='ltr'><strong>quae</strong></span> <span class='ocrx_word' id='word_1_202' title='bbox 292 1889 343 1926; x_wconf 76' lang='lat' dir='ltr'><strong>G:</strong></span> <span class='ocrx_word' id='word_1_203' title='bbox 361 1889 434 1936; x_wconf 66' lang='lat' dir='ltr'><strong>‘qui</strong></span> <span class='ocrx_word' id='word_1_204' title='bbox 462 1889 500 1924; x_wconf 94' lang='lat' dir='ltr'><em>P</em></span> <span class='ocrx_word' id='word_1_205' title='bbox 595 1894 614 1925; x_wconf 78' lang='lat'>7</span> <span class='ocrx_word' id='word_1_206' title='bbox 641 1889 731 1935; x_wconf 84' lang='lat' dir='ltr'><strong>quia</strong></span> <span class='ocrx_word' id='word_1_207' title='bbox 755 1889 897 1935; x_wconf 89' lang='lat' dir='ltr'><strong>primus</strong></span> <span class='ocrx_word' id='word_1_208' title='bbox 921 1888 959 1924; x_wconf 88' lang='lat' dir='ltr'><em>R</em></span> <span class='ocrx_word' id='word_1_209' title='bbox 996 1923 998 1925; x_wconf 87' lang='grc'><strong>,</strong></span> <span class='ocrx_word' id='word_1_210' title='bbox 1055 1892 1077 1924; x_wconf 91' lang='grc'>8</span> <span class='ocrx_word' id='word_1_211' title='bbox 1103 1887 1365 1934; x_wconf 87' lang='lat' dir='ltr'><strong>appellabatur</strong></span> <span class='ocrx_word' id='word_1_212' title='bbox 1392 1886 1435 1922; x_wconf 84' lang='lat'><strong>0:</strong></span> <span class='ocrx_word' id='word_1_213' title='bbox 1461 1885 1674 1932; x_wconf 81' lang='lat' dir='ltr'><strong>appellatur</strong></span> 
     </span>
     <span class='ocr_line' id='line_1_35' title="bbox 134 1932 1673 1984; baseline -0.003 -11"><span class='ocrx_word' id='word_1_214' title='bbox 134 1951 162 1973; x_wconf 84' lang='grc' dir='ltr'><em>ω</em></span> <span class='ocrx_word' id='word_1_215' title='bbox 260 1941 281 1973; x_wconf 82' lang='grc'><strong>9</strong></span> <span class='ocrx_word' id='word_1_216' title='bbox 308 1937 511 1984; x_wconf 85' lang='lat' dir='ltr'><strong>Obpletum</strong></span> <span class='ocrx_word' id='word_1_217' title='bbox 542 1937 591 1973; x_wconf 77' lang='lat'><strong>1‘:</strong></span> <span class='ocrx_word' id='word_1_218' title='bbox 619 1936 822 1983; x_wconf 87' lang='lat' dir='ltr'><strong>Oppletum</strong></span> <span class='ocrx_word' id='word_1_219' title='bbox 847 1936 882 1972; x_wconf 86' lang='lat' dir='ltr'><strong>G-</strong></span> <span class='ocrx_word' id='word_1_220' title='bbox 986 1939 1027 1971; x_wconf 94' lang='grc'><strong>11</strong></span> <span class='ocrx_word' id='word_1_221' title='bbox 1057 1935 1310 1982; x_wconf 89' lang='lat' dir='ltr'><strong>opulenteque</strong></span> <span class='ocrx_word' id='word_1_222' title='bbox 1335 1934 1374 1981; x_wconf 81' lang='lat' dir='ltr'><em>R</em></span> <span class='ocrx_word' id='word_1_223' title='bbox 1471 1938 1514 1969; x_wconf 83' lang='lat'><strong>12</strong></span> <span class='ocrx_word' id='word_1_224' title='bbox 1542 1932 1673 1979; x_wconf 80' lang='lat' dir='ltr'><strong>Opiter</strong></span> 
     </span>
     <span class='ocr_line' id='line_1_36' title="bbox 134 1980 1672 2031; baseline -0.003 -10"><span class='ocrx_word' id='word_1_225' title='bbox 134 1986 192 2021; x_wconf 85' lang='lat' dir='ltr'><strong>est</strong></span> <span class='ocrx_word' id='word_1_226' title='bbox 214 1986 363 2031; x_wconf 80' lang='lat' dir='ltr'><strong>scripsi:</strong></span> <span class='ocrx_word' id='word_1_227' title='bbox 391 1984 564 2031; x_wconf 88' lang='lat' dir='ltr'><strong>Opiteros</strong></span> <span class='ocrx_word' id='word_1_228' title='bbox 588 1985 676 2021; x_wconf 84' lang='lat' dir='ltr'><strong>libri</strong></span> <span class='ocrx_word' id='word_1_229' title='bbox 697 1986 702 2029; x_wconf 92' lang='grc' dir='ltr'>Ι</span> <span class='ocrx_word' id='word_1_230' title='bbox 725 1984 889 2021; x_wconf 85' lang='lat' dir='ltr'><strong>nascitur</strong></span> <span class='ocrx_word' id='word_1_231' title='bbox 912 1983 956 2020; x_wconf 90' lang='lat' dir='ltr'><strong>P:</strong></span> <span class='ocrx_word' id='word_1_232' title='bbox 982 1984 1186 2022; x_wconf 77' lang='lat' dir='ltr'><strong>nascuntur</strong></span> <span class='ocrx_word' id='word_1_233' title='bbox 1210 1982 1245 2018; x_wconf 75' lang='lat' dir='ltr'><em>G</em></span> <span class='ocrx_word' id='word_1_234' title='bbox 1345 1986 1387 2018; x_wconf 88' lang='grc'><strong>16</strong></span> <span class='ocrx_word' id='word_1_235' title='bbox 1414 1981 1517 2018; x_wconf 87' lang='lat' dir='ltr'><strong>obire</strong></span> <span class='ocrx_word' id='word_1_236' title='bbox 1536 1981 1599 2017; x_wconf 91' lang='lat' dir='ltr'><strong>uel</strong></span> <span class='ocrx_word' id='word_1_237' title='bbox 1621 1980 1672 2015; x_wconf 92' lang='lat' dir='ltr'><strong>P:</strong></span> 
     </span>
     <span class='ocr_line' id='line_1_37' title="bbox 135 2028 1630 2078; baseline -0.003 -10"><span class='ocrx_word' id='word_1_238' title='bbox 135 2032 358 2069; x_wconf 89' lang='lat' dir='ltr'><strong>obcumbere</strong></span> <span class='ocrx_word' id='word_1_239' title='bbox 384 2032 417 2068; x_wconf 79' lang='lat' dir='ltr'><strong><em>G</em></strong></span> <span class='ocrx_word' id='word_1_240' title='bbox 535 2037 576 2068; x_wconf 81' lang='grc'><strong>17</strong></span> <span class='ocrx_word' id='word_1_241' title='bbox 604 2031 900 2068; x_wconf 85' lang='lat' dir='ltr'><strong>Obstrudulenta</strong></span> <span class='ocrx_word' id='word_1_242' title='bbox 925 2030 1248 2078; x_wconf 49' lang='lat' dir='ltr'><strong>GrObstrulenta</strong></span> <span class='ocrx_word' id='word_1_243' title='bbox 1275 2030 1336 2076; x_wconf 87' lang='grc' dir='ltr'><strong>ΡΙ</strong></span> <span class='ocrx_word' id='word_1_244' title='bbox 1359 2029 1573 2076; x_wconf 83' lang='lat' dir='ltr'><strong>oppetenda</strong></span> <span class='ocrx_word' id='word_1_245' title='bbox 1599 2028 1630 2064; x_wconf 81' lang='lat' dir='ltr'><strong><em>G</em></strong></span> 
     </span>
     <span class='ocr_line' id='line_1_38' title="bbox 138 2075 1674 2125; baseline -0.003 -9"><span class='ocrx_word' id='word_1_246' title='bbox 138 2084 181 2116; x_wconf 90' lang='lat'><strong>18</strong></span> <span class='ocrx_word' id='word_1_247' title='bbox 202 2081 241 2116; x_wconf 90' lang='lat' dir='ltr'><strong>et</strong></span> <span class='ocrx_word' id='word_1_248' title='bbox 254 2080 304 2116; x_wconf 87' lang='lat' dir='ltr'><strong>G:</strong></span> <span class='ocrx_word' id='word_1_249' title='bbox 325 2091 392 2116; x_wconf 86' lang='lat' dir='ltr'><strong>om.</strong></span> <span class='ocrx_word' id='word_1_250' title='bbox 410 2079 447 2115; x_wconf 93' lang='lat' dir='ltr'><em>P</em></span> <span class='ocrx_word' id='word_1_251' title='bbox 542 2083 586 2115; x_wconf 88' lang='lat'><strong>19</strong></span> <span class='ocrx_word' id='word_1_252' title='bbox 607 2079 784 2116; x_wconf 88' lang='lat' dir='ltr'><strong>Omentat</strong></span> <span class='ocrx_word' id='word_1_253' title='bbox 796 2079 842 2125; x_wconf 78' lang='lat' dir='ltr'><strong>G,</strong></span> <span class='ocrx_word' id='word_1_254' title='bbox 863 2078 1023 2115; x_wconf 85' lang='lat' dir='ltr'><strong>Omenta</strong></span> <span class='ocrx_word' id='word_1_255' title='bbox 1035 2078 1082 2124; x_wconf 85' lang='lat' dir='ltr'><strong>R,</strong></span> <span class='ocrx_word' id='word_1_256' title='bbox 1104 2077 1323 2114; x_wconf 87' lang='lat' dir='ltr'><strong>OmensaH</strong></span> <span class='ocrx_word' id='word_1_257' title='bbox 1423 2081 1470 2113; x_wconf 84' lang='lat'><strong>20</strong></span> <span class='ocrx_word' id='word_1_258' title='bbox 1494 2075 1674 2123; x_wconf 85' lang='lat' dir='ltr'><strong>migrauit</strong></span> 
     </span>
     <span class='ocr_line' id='line_1_39' title="bbox 138 2126 915 2174; baseline -0.004 -9"><span class='ocrx_word' id='word_1_259' title='bbox 138 2148 181 2155; x_wconf 90' lang='lat'><strong>—-</strong></span> <span class='ocrx_word' id='word_1_260' title='bbox 207 2127 358 2164; x_wconf 82' lang='lat' dir='ltr'><strong>recessit</strong></span> <span class='ocrx_word' id='word_1_261' title='bbox 382 2127 432 2165; x_wconf 80' lang='lat' dir='ltr'><strong>G:</strong></span> <span class='ocrx_word' id='word_1_262' title='bbox 458 2126 618 2174; x_wconf 84' lang='lat' dir='ltr'><strong>migraui</strong></span> <span class='ocrx_word' id='word_1_263' title='bbox 643 2148 687 2153; x_wconf 97' lang='lat'><strong>—</strong></span> <span class='ocrx_word' id='word_1_264' title='bbox 713 2127 850 2163; x_wconf 78' lang='lat' dir='ltr'><strong>recessi</strong></span> <span class='ocrx_word' id='word_1_265' title='bbox 877 2126 915 2161; x_wconf 91' lang='lat' dir='ltr'><em>P</em></span> 
     </span>
    </p>
   </div>
   <div class='ocr_carea' id='block_1_7' title="bbox 137 2218 1680 2982">
    <p class='ocr_par' dir='ltr' id='par_1_20' title="bbox 137 2218 1680 2982">
     <span class='ocr_line' id='line_1_40' title="bbox 231 2218 1671 2277; baseline -0.004 -17"><span class='ocrx_word' id='word_1_266' title='bbox 231 2227 252 2259; x_wconf 87' lang='lat'>3</span> <span class='ocrx_word' id='word_1_267' title='bbox 278 2223 511 2277; x_wconf 85' lang='lat' dir='ltr'><strong>offuciarum]</strong></span> <span class='ocrx_word' id='word_1_268' title='bbox 533 2222 631 2259; x_wconf 75' lang='lat' dir='ltr'><strong>Fest.</strong></span> <span class='ocrx_word' id='word_1_269' title='bbox 660 2222 772 2258; x_wconf 94' lang='lat' dir='ltr'><strong>Paul.</strong></span> <span class='ocrx_word' id='word_1_270' title='bbox 795 2225 909 2267; x_wconf 86' lang='grc'><strong>192,8.</strong></span> <span class='ocrx_word' id='word_1_271' title='bbox 930 2219 1043 2257; x_wconf 76' lang='lat' dir='ltr'><strong>class.</strong></span> <span class='ocrx_word' id='word_1_272' title='bbox 1057 2220 1166 2258; x_wconf 73' lang='lat' dir='ltr'><strong>Auet.</strong></span> <span class='ocrx_word' id='word_1_273' title='bbox 1192 2221 1246 2257; x_wconf 82' lang='lat' dir='ltr'><strong>ed.</strong></span> <span class='ocrx_word' id='word_1_274' title='bbox 1268 2220 1357 2255; x_wconf 87' lang='lat' dir='ltr'><strong>Mai</strong></span> <span class='ocrx_word' id='word_1_275' title='bbox 1377 2223 1492 2264; x_wconf 81' lang='lat'><strong>6‚537.</strong></span> <span class='ocrx_word' id='word_1_276' title='bbox 1521 2218 1671 2255; x_wconf 87' lang='lat' dir='ltr'><strong>Officias</strong></span> 
     </span>
     <span class='ocr_line' id='line_1_41' title="bbox 138 2262 1672 2316; baseline -0.004 -9"><span class='ocrx_word' id='word_1_277' title='bbox 138 2262 351 2315; x_wconf 64' lang='lat' dir='ltr'><strong>(baucias),</strong></span> <span class='ocrx_word' id='word_1_278' title='bbox 383 2270 570 2316; x_wconf 78' lang='lat' dir='ltr'><strong>fallacras‚</strong></span> <span class='ocrx_word' id='word_1_279' title='bbox 601 2282 624 2306; x_wconf 88' lang='lat' dir='ltr'><strong>a</strong></span> <span class='ocrx_word' id='word_1_280' title='bbox 655 2270 751 2306; x_wconf 86' lang='lat' dir='ltr'><strong>fuco.</strong></span> <span class='ocrx_word' id='word_1_281' title='bbox 922 2273 943 2306; x_wconf 88' lang='grc'><strong>6</strong></span> <span class='ocrx_word' id='word_1_282' title='bbox 969 2269 1149 2314; x_wconf 85' lang='lat' dir='ltr'><strong>oburuas]</strong></span> <span class='ocrx_word' id='word_1_283' title='bbox 1181 2269 1228 2312; x_wconf 82' lang='lat' dir='ltr'><strong>cf.</strong></span> <span class='ocrx_word' id='word_1_284' title='bbox 1263 2268 1363 2304; x_wconf 75' lang='lat' dir='ltr'><strong>Fest.</strong></span> <span class='ocrx_word' id='word_1_285' title='bbox 1393 2267 1504 2302; x_wconf 82' lang='lat' dir='ltr'><strong>Paul.</strong></span> <span class='ocrx_word' id='word_1_286' title='bbox 1531 2270 1672 2310; x_wconf 84' lang='grc'>375,29.</span> 
     </span>
     <span class='ocr_line' id='line_1_42' title="bbox 146 2313 1673 2364; baseline -0.003 -10"><span class='ocrx_word' id='word_1_287' title='bbox 146 2320 252 2356; x_wconf 76' lang='lat' dir='ltr'><strong>l&#39;arr.</strong></span> <span class='ocrx_word' id='word_1_288' title='bbox 279 2319 322 2354; x_wconf 90' lang='lat' dir='ltr'><strong>L.</strong></span> <span class='ocrx_word' id='word_1_289' title='bbox 349 2319 394 2354; x_wconf 89' lang='lat' dir='ltr'><strong>L.</strong></span> <span class='ocrx_word' id='word_1_290' title='bbox 421 2322 536 2364; x_wconf 82' lang='lat'><strong>5‚143.</strong></span> <span class='ocrx_word' id='word_1_291' title='bbox 557 2318 661 2354; x_wconf 85' lang='lat' dir='ltr'><strong>Seru.</strong></span> <span class='ocrx_word' id='word_1_292' title='bbox 687 2318 779 2354; x_wconf 70' lang='lat' dir='ltr'><strong>Ae‘n.</strong></span> <span class='ocrx_word' id='word_1_293' title='bbox 801 2321 923 2362; x_wconf 53' lang='grc' dir='ltr'><strong>Ι5355.</strong></span> <span class='ocrx_word' id='word_1_294' title='bbox 952 2317 1046 2353; x_wconf 74' lang='lat' dir='ltr'><strong>lsid.</strong></span> <span class='ocrx_word' id='word_1_295' title='bbox 1076 2320 1203 2361; x_wconf 81' lang='lat'><strong>15,2‚3.</strong></span> <span class='ocrx_word' id='word_1_296' title='bbox 1340 2319 1382 2350; x_wconf 82' lang='lat'><strong>12</strong></span> <span class='ocrx_word' id='word_1_297' title='bbox 1409 2314 1546 2361; x_wconf 86' lang='lat' dir='ltr'><strong>opiter]</strong></span> <span class='ocrx_word' id='word_1_298' title='bbox 1574 2313 1673 2350; x_wconf 78' lang='lat' dir='ltr'><strong>Fest.</strong></span> 
     </span>
     <span class='ocr_line' id='line_1_43' title="bbox 141 2361 1675 2414; baseline -0.003 -13"><span class='ocrx_word' id='word_1_299' title='bbox 141 2366 252 2404; x_wconf 87' lang='lat' dir='ltr'><strong>Paul.</strong></span> <span class='ocrx_word' id='word_1_300' title='bbox 284 2370 424 2414; x_wconf 43' lang='lat'><strong>184‚1‚0.</strong></span> <span class='ocrx_word' id='word_1_301' title='bbox 472 2365 602 2412; x_wconf 88' lang='lat' dir='ltr'><strong>Opiter</strong></span> <span class='ocrx_word' id='word_1_302' title='bbox 633 2367 705 2410; x_wconf 87' lang='lat' dir='ltr'><strong>est,</strong></span> <span class='ocrx_word' id='word_1_303' title='bbox 743 2365 846 2402; x_wconf 84' lang='lat' dir='ltr'><strong>cuius</strong></span> <span class='ocrx_word' id='word_1_304' title='bbox 882 2365 991 2410; x_wconf 85' lang='lat' dir='ltr'><strong>pater</strong></span> <span class='ocrx_word' id='word_1_305' title='bbox 1027 2375 1099 2400; x_wconf 89' lang='lat' dir='ltr'><strong>auo</strong></span> <span class='ocrx_word' id='word_1_306' title='bbox 1137 2363 1225 2399; x_wconf 87' lang='lat' dir='ltr'><strong>uiuo</strong></span> <span class='ocrx_word' id='word_1_307' title='bbox 1256 2365 1425 2399; x_wconf 79' lang='lat' dir='ltr'><strong>mortuus</strong></span> <span class='ocrx_word' id='word_1_308' title='bbox 1457 2363 1531 2406; x_wconf 82' lang='lat' dir='ltr'><strong>est,</strong></span> <span class='ocrx_word' id='word_1_309' title='bbox 1563 2361 1675 2396; x_wconf 79' lang='lat' dir='ltr'><strong>ducto</strong></span> 
     </span>
     <span class='ocr_line' id='line_1_44' title="bbox 137 2410 1676 2459; baseline -0.004 -9"><span class='ocrx_word' id='word_1_310' title='bbox 137 2414 332 2457; x_wconf 87' lang='lat' dir='ltr'><strong>uocabulo,</strong></span> <span class='ocrx_word' id='word_1_311' title='bbox 359 2415 426 2449; x_wconf 88' lang='lat' dir='ltr'><strong>aut</strong></span> <span class='ocrx_word' id='word_1_312' title='bbox 450 2413 550 2459; x_wconf 86' lang='lat' dir='ltr'><strong>quod</strong></span> <span class='ocrx_word' id='word_1_313' title='bbox 577 2412 680 2449; x_wconf 89' lang='lat' dir='ltr'><strong>obitu</strong></span> <span class='ocrx_word' id='word_1_314' title='bbox 701 2412 820 2459; x_wconf 85' lang='lat' dir='ltr'><strong>patris</strong></span> <span class='ocrx_word' id='word_1_315' title='bbox 845 2412 994 2457; x_wconf 83' lang='lat' dir='ltr'><strong>genitus</strong></span> <span class='ocrx_word' id='word_1_316' title='bbox 1014 2411 1073 2456; x_wconf 85' lang='lat' dir='ltr'><strong>sit,</strong></span> <span class='ocrx_word' id='word_1_317' title='bbox 1100 2412 1167 2447; x_wconf 86' lang='lat' dir='ltr'><strong>aut</strong></span> <span class='ocrx_word' id='word_1_318' title='bbox 1191 2411 1290 2458; x_wconf 89' lang='lat' dir='ltr'><strong>quod</strong></span> <span class='ocrx_word' id='word_1_319' title='bbox 1317 2422 1430 2446; x_wconf 89' lang='lat' dir='ltr'><strong>auum</strong></span> <span class='ocrx_word' id='word_1_320' title='bbox 1455 2410 1503 2446; x_wconf 92' lang='lat' dir='ltr'><strong>ob</strong></span> <span class='ocrx_word' id='word_1_321' title='bbox 1529 2411 1676 2455; x_wconf 90' lang='lat' dir='ltr'><strong>patrem</strong></span> 
     </span>
     <span class='ocr_line' id='line_1_45' title="bbox 138 2457 1676 2507; baseline -0.003 -9"><span class='ocrx_word' id='word_1_322' title='bbox 138 2462 293 2505; x_wconf 84' lang='lat' dir='ltr'><strong>habeat,</strong></span> <span class='ocrx_word' id='word_1_323' title='bbox 326 2461 365 2497; x_wconf 91' lang='lat' dir='ltr'><strong>id</strong></span> <span class='ocrx_word' id='word_1_324' title='bbox 396 2466 453 2497; x_wconf 86' lang='lat' dir='ltr'><strong>est</strong></span> <span class='ocrx_word' id='word_1_325' title='bbox 486 2473 554 2507; x_wconf 90' lang='lat' dir='ltr'><strong>pro</strong></span> <span class='ocrx_word' id='word_1_326' title='bbox 585 2463 702 2507; x_wconf 87' lang='lat' dir='ltr'><strong>patre.</strong></span> <span class='ocrx_word' id='word_1_327' title='bbox 742 2460 860 2495; x_wconf 82' lang='lat' dir='ltr'><strong>Prisc.</strong></span> <span class='ocrx_word' id='word_1_328' title='bbox 896 2463 1012 2503; x_wconf 84' lang='grc'>299,7.</span> <span class='ocrx_word' id='word_1_329' title='bbox 1039 2460 1089 2495; x_wconf 92' lang='grc' dir='ltr'><strong>Κ.</strong></span> <span class='ocrx_word' id='word_1_330' title='bbox 1129 2459 1260 2504; x_wconf 86' lang='lat' dir='ltr'><strong>Opiter</strong></span> <span class='ocrx_word' id='word_1_331' title='bbox 1285 2459 1440 2504; x_wconf 81' lang='lat' dir='ltr'><strong>opiteris</strong></span> <span class='ocrx_word' id='word_1_332' title='bbox 1467 2459 1506 2493; x_wconf 89' lang='lat' dir='ltr'><strong>et</strong></span> <span class='ocrx_word' id='word_1_333' title='bbox 1532 2457 1676 2503; x_wconf 86' lang='lat' dir='ltr'><strong>opitris.</strong></span> 
     </span>
     <span class='ocr_line' id='line_1_46' title="bbox 139 2505 1675 2554; baseline -0.004 -10"><span class='ocrx_word' id='word_1_334' title='bbox 139 2510 247 2544; x_wconf 74' lang='lat' dir='ltr'><strong>Auct.</strong></span> <span class='ocrx_word' id='word_1_335' title='bbox 268 2509 372 2554; x_wconf 85' lang='lat' dir='ltr'><strong>Epit.</strong></span> <span class='ocrx_word' id='word_1_336' title='bbox 399 2510 443 2545; x_wconf 86' lang='lat' dir='ltr'><strong>de</strong></span> <span class='ocrx_word' id='word_1_337' title='bbox 467 2520 561 2544; x_wconf 76' lang='lat' dir='ltr'><strong>nom.</strong></span> <span class='ocrx_word' id='word_1_338' title='bbox 582 2508 629 2543; x_wconf 82' lang='lat' dir='ltr'><strong>R.</strong></span> <span class='ocrx_word' id='word_1_339' title='bbox 651 2508 792 2554; x_wconf 86' lang='lat' dir='ltr'><strong>Opiter,</strong></span> <span class='ocrx_word' id='word_1_340' title='bbox 818 2507 883 2553; x_wconf 86' lang='lat' dir='ltr'><strong>qui</strong></span> <span class='ocrx_word' id='word_1_341' title='bbox 902 2509 1008 2552; x_wconf 88' lang='lat' dir='ltr'><strong>patre</strong></span> <span class='ocrx_word' id='word_1_342' title='bbox 1028 2507 1187 2551; x_wconf 89' lang='lat' dir='ltr'><strong>mortuo,</strong></span> <span class='ocrx_word' id='word_1_343' title='bbox 1214 2517 1285 2542; x_wconf 91' lang='lat' dir='ltr'><strong>auo</strong></span> <span class='ocrx_word' id='word_1_344' title='bbox 1310 2506 1412 2551; x_wconf 87' lang='lat' dir='ltr'><strong>uiuo,</strong></span> <span class='ocrx_word' id='word_1_345' title='bbox 1437 2505 1675 2551; x_wconf 85' lang='lat' dir='ltr'><strong>gignebatur.</strong></span> 
     </span>
     <span class='ocr_line' id='line_1_47' title="bbox 141 2552 1674 2602; baseline -0.002 -11"><span class='ocrx_word' id='word_1_346' title='bbox 141 2560 185 2591; x_wconf 88' lang='lat'><strong>13</strong></span> <span class='ocrx_word' id='word_1_347' title='bbox 212 2556 465 2602; x_wconf 86' lang='lat' dir='ltr'><strong>obfirmatum]</strong></span> <span class='ocrx_word' id='word_1_348' title='bbox 492 2556 537 2600; x_wconf 80' lang='lat' dir='ltr'><strong>cf.</strong></span> <span class='ocrx_word' id='word_1_349' title='bbox 568 2556 695 2592; x_wconf 86' lang='lat' dir='ltr'><strong>Plaut.</strong></span> <span class='ocrx_word' id='word_1_350' title='bbox 723 2555 854 2600; x_wconf 82' lang='lat' dir='ltr'><strong>Amph.</strong></span> <span class='ocrx_word' id='word_1_351' title='bbox 882 2558 1010 2599; x_wconf 83' lang='grc'><strong>2,2,15.</strong></span> <span class='ocrx_word' id='word_1_352' title='bbox 1183 2559 1226 2589; x_wconf 87' lang='grc'><strong>14</strong></span> <span class='ocrx_word' id='word_1_353' title='bbox 1251 2553 1443 2599; x_wconf 89' lang='lat' dir='ltr'><strong>occedere]</strong></span> <span class='ocrx_word' id='word_1_354' title='bbox 1470 2553 1516 2596; x_wconf 77' lang='lat' dir='ltr'><strong>cf.</strong></span> <span class='ocrx_word' id='word_1_355' title='bbox 1546 2552 1674 2588; x_wconf 77' lang='lat' dir='ltr'><strong>Plaut.</strong></span> 
     </span>
     <span class='ocr_line' id='line_1_48' title="bbox 142 2600 1627 2649; baseline -0.003 -10"><span class='ocrx_word' id='word_1_356' title='bbox 142 2604 255 2640; x_wconf 76' lang='lat' dir='ltr'><strong>Most.</strong></span> <span class='ocrx_word' id='word_1_357' title='bbox 281 2607 386 2648; x_wconf 79' lang='lat'><strong>5‚2,4.</strong></span> <span class='ocrx_word' id='word_1_358' title='bbox 412 2607 475 2640; x_wconf 79' lang='lat' dir='ltr'><strong>etc.</strong></span> <span class='ocrx_word' id='word_1_359' title='bbox 585 2607 628 2639; x_wconf 85' lang='lat'><strong>15</strong></span> <span class='ocrx_word' id='word_1_360' title='bbox 656 2602 889 2649; x_wconf 83' lang='lat' dir='ltr'><strong>oblegatum]</strong></span> <span class='ocrx_word' id='word_1_361' title='bbox 915 2604 961 2646; x_wconf 85' lang='lat' dir='ltr'><strong>cf.</strong></span> <span class='ocrx_word' id='word_1_362' title='bbox 988 2602 1155 2648; x_wconf 82' lang='lat' dir='ltr'><strong>legatum</strong></span> <span class='ocrx_word' id='word_1_363' title='bbox 1181 2613 1240 2647; x_wconf 87' lang='lat' dir='ltr'><strong>ap.</strong></span> <span class='ocrx_word' id='word_1_364' title='bbox 1270 2601 1398 2637; x_wconf 82' lang='lat' dir='ltr'><strong>Plaut.</strong></span> <span class='ocrx_word' id='word_1_365' title='bbox 1427 2600 1508 2637; x_wconf 81' lang='lat' dir='ltr'><strong>Cas.</strong></span> <span class='ocrx_word' id='word_1_366' title='bbox 1537 2603 1627 2643; x_wconf 85' lang='lat'><strong>1,12.</strong></span> 
     </span>
     <span class='ocr_line' id='line_1_49' title="bbox 144 2647 1676 2697; baseline -0.003 -10"><span class='ocrx_word' id='word_1_367' title='bbox 144 2655 184 2687; x_wconf 78' lang='lat'><strong>17</strong></span> <span class='ocrx_word' id='word_1_368' title='bbox 212 2650 509 2697; x_wconf 84' lang='lat' dir='ltr'><strong>obstrudulenta]</strong></span> <span class='ocrx_word' id='word_1_369' title='bbox 537 2652 583 2695; x_wconf 80' lang='lat' dir='ltr'><strong>cf.</strong></span> <span class='ocrx_word' id='word_1_370' title='bbox 611 2650 836 2687; x_wconf 82' lang='lat' dir='ltr'><strong>Obstrudere</strong></span> <span class='ocrx_word' id='word_1_371' title='bbox 856 2662 895 2695; x_wconf 91' lang='lat' dir='ltr'><strong>p.</strong></span> <span class='ocrx_word' id='word_1_372' title='bbox 923 2654 978 2686; x_wconf 79' lang='lat'><strong>71.</strong></span> <span class='ocrx_word' id='word_1_373' title='bbox 1103 2654 1146 2686; x_wconf 90' lang='grc'><strong>18</strong></span> <span class='ocrx_word' id='word_1_374' title='bbox 1172 2649 1288 2696; x_wconf 84' lang='lat' dir='ltr'><strong>oriae]</strong></span> <span class='ocrx_word' id='word_1_375' title='bbox 1315 2649 1414 2684; x_wconf 82' lang='lat' dir='ltr'><strong>Fest.</strong></span> <span class='ocrx_word' id='word_1_376' title='bbox 1444 2647 1555 2684; x_wconf 84' lang='lat' dir='ltr'><strong>Paul.</strong></span> <span class='ocrx_word' id='word_1_377' title='bbox 1582 2650 1676 2691; x_wconf 85' lang='grc'><strong>8,12.</strong></span> 
     </span>
     <span class='ocr_line' id='line_1_50' title="bbox 143 2696 1675 2744; baseline -0.003 -11"><span class='ocrx_word' id='word_1_378' title='bbox 143 2699 300 2742; x_wconf 86' lang='lat' dir='ltr'><strong>Aureax,</strong></span> <span class='ocrx_word' id='word_1_379' title='bbox 326 2698 466 2744; x_wconf 80' lang='lat' dir='ltr'><strong>auriga.</strong></span> <span class='ocrx_word' id='word_1_380' title='bbox 499 2710 629 2735; x_wconf 81' lang='lat' dir='ltr'><strong>aureas</strong></span> <span class='ocrx_word' id='word_1_381' title='bbox 654 2698 754 2734; x_wconf 89' lang='lat' dir='ltr'><strong>enim</strong></span> <span class='ocrx_word' id='word_1_382' title='bbox 779 2697 955 2734; x_wconf 89' lang='lat' dir='ltr'><strong>dicebant</strong></span> <span class='ocrx_word' id='word_1_383' title='bbox 980 2697 1137 2739; x_wconf 82' lang='lat' dir='ltr'><strong>frenum,</strong></span> <span class='ocrx_word' id='word_1_384' title='bbox 1163 2697 1265 2742; x_wconf 89' lang='lat' dir='ltr'><strong>quod</strong></span> <span class='ocrx_word' id='word_1_385' title='bbox 1291 2696 1339 2732; x_wconf 89' lang='lat' dir='ltr'><strong>ad</strong></span> <span class='ocrx_word' id='word_1_386' title='bbox 1364 2707 1471 2732; x_wconf 85' lang='lat' dir='ltr'><strong>aures</strong></span> <span class='ocrx_word' id='word_1_387' title='bbox 1498 2706 1675 2740; x_wconf 87' lang='lat' dir='ltr'><strong>equorum</strong></span> 
     </span>
     <span class='ocr_line' id='line_1_51' title="bbox 142 2741 1678 2791; baseline -0.003 -10"><span class='ocrx_word' id='word_1_388' title='bbox 142 2746 390 2791; x_wconf 63' lang='lat' dir='ltr'><strong>religabafflr,</strong></span> <span class='ocrx_word' id='word_1_389' title='bbox 421 2745 536 2790; x_wconf 84' lang='lat' dir='ltr'><strong>orias,</strong></span> <span class='ocrx_word' id='word_1_390' title='bbox 568 2757 644 2791; x_wconf 90' lang='lat' dir='ltr'><strong>quo</strong></span> <span class='ocrx_word' id='word_1_391' title='bbox 680 2757 747 2782; x_wconf 90' lang='lat' dir='ltr'><strong>ora</strong></span> <span class='ocrx_word' id='word_1_392' title='bbox 779 2746 1055 2781; x_wconf 84' lang='lat' dir='ltr'><strong>coercebantur.</strong></span> <span class='ocrx_word' id='word_1_393' title='bbox 1101 2744 1200 2780; x_wconf 83' lang='lat' dir='ltr'><strong>Fest.</strong></span> <span class='ocrx_word' id='word_1_394' title='bbox 1236 2748 1373 2788; x_wconf 84' lang='grc'><strong>182,23.</strong></span> <span class='ocrx_word' id='word_1_395' title='bbox 1409 2742 1539 2785; x_wconf 85' lang='lat' dir='ltr'><strong>Oreae,</strong></span> <span class='ocrx_word' id='word_1_396' title='bbox 1570 2741 1678 2785; x_wconf 87' lang='lat' dir='ltr'><strong>freni,</strong></span> 
     </span>
     <span class='ocr_line' id='line_1_52' title="bbox 143 2789 1677 2840; baseline -0.003 -11"><span class='ocrx_word' id='word_1_397' title='bbox 143 2793 243 2840; x_wconf 89' lang='lat' dir='ltr'><strong>quod</strong></span> <span class='ocrx_word' id='word_1_398' title='bbox 257 2793 312 2828; x_wconf 83' lang='lat' dir='ltr'><strong>ori</strong></span> <span class='ocrx_word' id='word_1_399' title='bbox 326 2793 546 2829; x_wconf 85' lang='lat' dir='ltr'><strong>inseruntur.</strong></span> <span class='ocrx_word' id='word_1_400' title='bbox 647 2797 689 2829; x_wconf 87' lang='grc'><strong>19</strong></span> <span class='ocrx_word' id='word_1_401' title='bbox 715 2793 937 2837; x_wconf 81' lang='lat' dir='ltr'><strong>ommentat]</strong></span> <span class='ocrx_word' id='word_1_402' title='bbox 959 2791 1211 2835; x_wconf 80' lang='lat' dir='ltr'><strong>Fest.190‚14.</strong></span> <span class='ocrx_word' id='word_1_403' title='bbox 1238 2791 1481 2827; x_wconf 88' lang='lat' dir='ltr'><strong>Ommcntans</strong></span> <span class='ocrx_word' id='word_1_404' title='bbox 1495 2789 1624 2825; x_wconf 83' lang='lat' dir='ltr'><strong>Liuius</strong></span> <span class='ocrx_word' id='word_1_405' title='bbox 1641 2789 1677 2824; x_wconf 90' lang='lat' dir='ltr'><strong>iu</strong></span> 
     </span>
     <span class='ocr_line' id='line_1_53' title="bbox 144 2836 1679 2887; baseline -0.003 -11"><span class='ocrx_word' id='word_1_406' title='bbox 144 2841 312 2887; x_wconf 81' lang='lat' dir='ltr'><strong>Odyssea</strong></span> <span class='ocrx_word' id='word_1_407' title='bbox 337 2852 448 2886; x_wconf 86' lang='lat' dir='ltr'><strong>quom</strong></span> <span class='ocrx_word' id='word_1_408' title='bbox 474 2840 548 2876; x_wconf 87' lang='lat' dir='ltr'><strong>ait:</strong></span> <span class='ocrx_word' id='word_1_409' title='bbox 582 2841 636 2876; x_wconf 87' lang='lat' dir='ltr'><strong>‘in</strong></span> <span class='ocrx_word' id='word_1_410' title='bbox 661 2841 795 2886; x_wconf 86' lang='lat' dir='ltr'><strong>Pylum</strong></span> <span class='ocrx_word' id='word_1_411' title='bbox 821 2839 1023 2875; x_wconf 86' lang='lat' dir='ltr'><strong>adueniens</strong></span> <span class='ocrx_word' id='word_1_412' title='bbox 1048 2840 1115 2875; x_wconf 88' lang='lat' dir='ltr'><strong>aut</strong></span> <span class='ocrx_word' id='word_1_413' title='bbox 1139 2838 1192 2874; x_wconf 90' lang='lat' dir='ltr'><strong>ibi</strong></span> <span class='ocrx_word' id='word_1_414' title='bbox 1212 2838 1461 2875; x_wconf 78' lang='lat' dir='ltr'><strong>ommentans’</strong></span> <span class='ocrx_word' id='word_1_415' title='bbox 1491 2836 1679 2882; x_wconf 85' lang='lat' dir='ltr'><strong>significat</strong></span> 
     </span>
     <span class='ocr_line' id='line_1_54' title="bbox 146 2884 1680 2934; baseline -0.003 -10"><span class='ocrx_word' id='word_1_416' title='bbox 146 2889 393 2933; x_wconf 83' lang='lat' dir='ltr'><strong>‘obmanens’‚</strong></span> <span class='ocrx_word' id='word_1_417' title='bbox 419 2888 483 2923; x_wconf 85' lang='lat' dir='ltr'><strong>sed</strong></span> <span class='ocrx_word' id='word_1_418' title='bbox 509 2900 562 2927; x_wconf 78' lang='lat' dir='ltr'><strong>ea,</strong></span> <span class='ocrx_word' id='word_1_419' title='bbox 578 2888 868 2934; x_wconf 79' lang='lat' dir='ltr'><strong>significatione,</strong></span> <span class='ocrx_word' id='word_1_420' title='bbox 899 2898 974 2933; x_wconf 90' lang='lat' dir='ltr'><strong>qua</strong></span> <span class='ocrx_word' id='word_1_421' title='bbox 997 2898 1111 2932; x_wconf 86' lang='lat' dir='ltr'><strong>saepe</strong></span> <span class='ocrx_word' id='word_1_422' title='bbox 1137 2887 1215 2923; x_wconf 89' lang='lat' dir='ltr'><strong>fieri</strong></span> <span class='ocrx_word' id='word_1_423' title='bbox 1241 2886 1388 2922; x_wconf 88' lang='lat' dir='ltr'><strong>dicitur.</strong></span> <span class='ocrx_word' id='word_1_424' title='bbox 1434 2885 1471 2920; x_wconf 93' lang='lat' dir='ltr'><strong>id</strong></span> <span class='ocrx_word' id='word_1_425' title='bbox 1498 2884 1597 2920; x_wconf 89' lang='lat' dir='ltr'><strong>enim</strong></span> <span class='ocrx_word' id='word_1_426' title='bbox 1623 2884 1680 2920; x_wconf 88' lang='lat' dir='ltr'><strong>est</strong></span> 
     </span>
     <span class='ocr_line' id='line_1_55' title="bbox 144 2934 1279 2982; baseline -0.002 -10"><span class='ocrx_word' id='word_1_427' title='bbox 144 2938 323 2972; x_wconf 81' lang='lat' dir='ltr'><strong>mantare.</strong></span> <span class='ocrx_word' id='word_1_428' title='bbox 420 2939 466 2971; x_wconf 90' lang='grc'><strong>20</strong></span> <span class='ocrx_word' id='word_1_429' title='bbox 492 2936 614 2972; x_wconf 85' lang='lat' dir='ltr'><strong>officio</strong></span> <span class='ocrx_word' id='word_1_430' title='bbox 637 2934 833 2982; x_wconf 79' lang='lat' dir='ltr'><strong>migrauit]</strong></span> <span class='ocrx_word' id='word_1_431' title='bbox 863 2935 990 2971; x_wconf 77' lang='lat' dir='ltr'><strong>Plaut.</strong></span> <span class='ocrx_word' id='word_1_432' title='bbox 1019 2934 1125 2971; x_wconf 68' lang='lat' dir='ltr'><strong>Tria.</strong></span> <span class='ocrx_word' id='word_1_433' title='bbox 1151 2938 1279 2980; x_wconf 79' lang='lat'><strong>3,2‚13.</strong></span> 
     </span>
    </p>
   </div>
  </div>
 </body>
</html>
