1898 3294
187 882 220 906 10

183 1498 217 1523 20

858 190 1151 233 ,34-

243 296 447 352 Deiero,
478 296 579 338 deos
612 296 718 338 iuro.

241 356 540 411 Delibutus‚
568 359 744 410 unctus,
776 357 1011 398 contactus.

241 427 637 470 Defunctorium
669 430 751 482 est,
785 426 986 482 quicquid
1005 426 1067 469 ita
1087 427 1243 471 dicitur
1274 429 1343 471 uel
1375 429 1442 484 fit,
1474 433 1523 472 ut
1554 429 1607 472 ad
1638 429 1768 472 finem

300 487 478 529 alicuius
516 487 579 528 rei
617 489 692 528 aut
728 486 961 528 terminum
1005 489 1180 541 spectet.
1241 488 1453 543 defungi
1491 489 1606 531 enim
1643 489 1767 531 finire

300 546 534 601 significat,
566 546 676 588 unde
707 546 758 587 de
790 545 1075 588 morientibus
1108 546 1299 589 dicimus.

240 617 542 659 Delibutum
592 616 770 659 dicimus
819 616 1039 658 hominem
1089 619 1264 665 unctum
1314 618 1429 673 oleo,
1478 620 1527 660 ut
1577 618 1768 661 athletae

299 677 441 719 solent
460 676 528 718 uel
554 676 599 717 in
623 678 839 718 ceromate
858 675 980 730 pueri
999 677 1198 718 exerceri.
1241 677 1420 719 dicimus
1441 680 1484 719 et
1510 676 1766 720 ‘delibutum

298 735 483 792 gaudio'‚
514 735 557 776 id
590 738 655 776 est
686 735 907 789 perfusum
938 735 1006 776 uel
1037 735 1225 790 plenum.

238 806 433 861 Dumis,
483 801 710 848 arboribus
761 806 829 847 uel
874 800 1012 848 siluis]
1058 806 1308 862 plerumque
1359 822 1437 862 pro
1489 808 1676 862 spinosis
1721 810 1765 850 et

281 865 492 919 'obscuris
525 865 713 920 ponitur.

238 936 518 991 Decrepiti,
562 951 648 978 non
686 937 759 991 qui
797 951 823 978 a
859 939 1078 979 senectute
1116 937 1257 979 auulsi
1295 940 1411 992 sunt,
1450 937 1523 980 sed
1562 938 1636 994 qui
1675 938 1764 980 iam

298 1010 471 1051 crepare
504 996 727 1050 desierint,
766 996 810 1037 id
841 998 907 1038 est
937 996 1058 1051 loqui
1089 997 1364 1039 cessauerint.

237 1055 463 1097 Dubium
495 1055 632 1110 quid,
663 1054 870 1110 numquid
901 1055 1089 1098 dubium.
1136 1104 1141 1107 ι

238 1126 642 1181 DryocolapteS‚
681 1127 794 1181 auis,
834 1141 941 1182 quae
978 1127 1025 1168 in
1063 1126 1204 1180 capite
1243 1141 1320 1168 suo
1359 1127 1403 1168 in
1440 1127 1613 1169 modum
1653 1127 1762 1183 galli

297 1186 473 1227 cristam
504 1185 654 1240 habet,
694 1200 802 1241 quae
840 1200 913 1228 ore
951 1200 1027 1228 suo
1062 1185 1259 1227 arborem
1290 1185 1454 1228 fodiens
1487 1187 1647 1228 ibidem
1679 1187 1762 1228 sibi

298 1245 448 1286 nidum
479 1245 595 1287 facit.

236 1304 275 1346 D
285 1304 333 1358 ip
342 1304 357 1345 1
366 1319 390 1346 o
400 1319 419 1346 s
430 1319 470 1358 a,
502 1304 640 1346 diuisa
672 1305 740 1346 uel
773 1307 984 1359 separata.

236 1363 275 1405 D
286 1364 362 1405 uit
369 1397 380 1418 ‚
412 1363 539 1405 dedit.
732 1374 735 1377 '

237 1423 274 1464 D
285 1437 306 1464 e
317 1437 337 1464 c
345 1422 360 1464 i
369 1423 466 1465 diti
476 1438 494 1464 s
502 1456 513 1478 7
545 1423 700 1465 caditis
731 1423 800 1464 uel
832 1423 1036 1465 inciditis.

236 1481 274 1524 D
285 1485 337 1526 at
345 1497 407 1524 an
416 1484 468 1523 tu
477 1497 498 1523 r
503 1516 514 1537 ‚
546 1482 794 1538 frequenter
824 1482 993 1524 dantur.

329 1675 350 1706 2
376 1671 571 1706 Delibatus
598 1671 632 1706 G
746 1675 766 1705 3
794 1670 970 1717 quicquid
997 1671 1046 1706 G:
1073 1671 1173 1716 quod
1195 1671 1231 1705 P
1344 1674 1364 1706 5
1391 1670 1488 1706 unde
1513 1670 1559 1706 de
1584 1669 1637 1705 R:
1668 1669 1766 1705 unde

234 1718 307 1763 Hv,
333 1721 377 1754 ut
401 1719 446 1754 de
472 1719 554 1754 bam
692 1722 711 1754 7
738 1718 777 1753 in
802 1721 987 1754 ceromate
1011 1718 1067 1753 R:
1098 1719 1346 1754 incereumate
1374 1718 1461 1762 CH,
1487 1718 1526 1753 in
1552 1718 1764 1754 eheromate

232 1777 253 1800 v
276 1765 281 1812 Ι
304 1767 407 1811 pueri
434 1766 525 1801 HG:
552 1766 675 1811 pueris
701 1765 766 1800 CR
788 1767 793 1811 Ι
817 1766 976 1801 exerceri
1003 1766 1111 1801 GRv:
1138 1777 1305 1801 exercere
1332 1766 1423 1800 Hba
1525 1769 1545 1800 9
1573 1764 1765 1800 arboribus

234 1814 326 1848 HG:
358 1825 425 1859 pro
458 1814 651 1849 arboribus
683 1813 718 1848 R
741 1816 745 1858 Ι
768 1825 835 1859 pro
868 1813 1024 1859 spinosis
1050 1813 1099 1848 G:
1132 1813 1288 1858 spinosis
1325 1814 1361 1847 P
1530 1817 1571 1847 13
1598 1812 1688 1857 quid
1715 1811 1763 1846 O:

234 1860 338 1905 quim
363 1861 420 1902 H,
447 1861 536 1906 quin
569 1861 641 1896 RG-
729 1871 735 1874 ·
794 1865 838 1896 14
863 1861 1132 1906 Dryocolaptes
1159 1861 1211 1895 R:
1239 1861 1497 1905 Driocolaptes
1523 1860 1581 1902 H,
1618 1859 1766 1895 Dricca-

233 1908 354 1953 laptes
387 1909 424 1945 (J.
444 1909 540 1944 ·'Vat.
575 1912 677 1945 1552.
823 1912 866 1944 18
894 1908 983 1943 Duit
1009 1908 1058 1944 61:
1095 1907 1240 1944 Diuidit
1267 1908 1303 1942 P
1448 1911 1493 1942 20
1519 1907 1706 1942 Datantur
1730 1909 1762 1940 et

234 1955 412 1991 Ditantur
437 1955 487 1990 G:
514 1956 734 1992 Dandantur
761 1956 797 1990 P

330 2055 347 2085 1
375 2051 516 2097 deiero]
552 2051 678 2086 Plaut.
714 2051 814 2085 Men.
842 2054 970 2095 5‚2,63.
995 2053 1056 2086 etc.
1084 2050 1221 2085 Donat.
1257 2050 1345 2085 Hec.
1377 2053 1480 2094 5,2,5.
1531 2048 1571 2085 Si
1595 2049 1764 2094 correpte

236 2098 407 2133 ‘deierat'
444 2098 547 2134 ‘deos
578 2097 705 2142 iurat’‚
739 2098 770 2133 si
799 2098 978 2143 producte
1012 2098 1138 2133 ‘ualde
1163 2098 1290 2133 iurat’.
1435 2101 1455 2132 2
1482 2096 1687 2142 delibutus]
1714 2097 1761 2140 cf.

233 2156 346 2181 coeno
371 2145 561 2181 delibutus
580 2157 640 2190 ap.
663 2146 790 2182 Plaat.
814 2145 923 2180 Poen.
948 2148 1073 2188 1‚2,55.
1173 2149 1193 2180 6
1218 2145 1442 2191 delibutum]
1464 2161 1508 2174 ==
1530 2144 1625 2180 Isid.
1649 2147 1764 2186 10:10.

232 2193 370 2228 Donat.
406 2193 553 2228 Phorm.
588 2196 714 2237 5‚6,16.
769 2193 823 2228 ‘Si
853 2194 892 2228 te
923 2192 1131 2228 delibutum
1164 2192 1301 2238 gaudio
1333 2191 1487 2227 reddo?
1525 2191 1573 2226 ad
1597 2190 1764 2226 animum

232 2241 438 2285 transtulit,
464 2240 564 2286 quod
588 2242 647 2276 est
667 2240 840 2285 corporis.
867 2251 953 2275 nam
972 2240 1159 2275 delibutus
1177 2241 1310 2275 unctus
1335 2239 1481 2274 dicitur.
1577 2242 1598 2273 9
1624 2237 1763 2283 dumis]

233 2288 295 2323 lib.
329 2289 433 2333 yloss.
470 2287 616 2332 Dumis,
650 2287 742 2323 locis
787 2287 1019 2322 siluestribus
1056 2287 1117 2322 uel
1157 2286 1326 2332 spinosis.
1377 2287 1466 2322 ibid.
1510 2284 1639 2329 Dumi,
1683 2285 1765 2320 loca

233 2335 421 2370 siluestria
444 2335 507 2370 uel
532 2335 646 2370 colles
671 2334 794 2380 asperi
820 2334 881 2370 uel
906 2347 921 2370 s
948 2334 1065 2370 inosa.
1206 2338 1247 2369 11
1275 2333 1472 2379 decrepiti]
1502 2333 1629 2368 Plaut.
1654 2331 1761 2368 Asin.

233 2386 360 2427 5‚2‚13.
387 2385 448 2419 etc.
499 2382 599 2417 Fest.
632 2383 742 2418 Paul.
776 2386 890 2426 71‚12.
971 2382 1155 2427 ecrepitus
1188 2383 1244 2417 est
1269 2381 1484 2427 desperatus
1509 2391 1662 2425 crepera
1685 2378 1762 2414 iam

232 2429 328 2475 uita,
360 2431 402 2465 ut
433 2429 691 2475 crepusculum
722 2430 927 2465 extremum
959 2429 1034 2464 diei
1070 2431 1226 2475 tempus.
1279 2429 1356 2464 sive
1387 2427 1595 2473 decrepitus
1628 2426 1760 2471 dictus,

233 2477 322 2522 quia
345 2478 497 2523 propter
523 2478 750 2512 senectutem
770 2487 838 2512 nec
857 2487 1005 2512 mouere
1031 2489 1068 2512 se
1094 2487 1161 2512 nec
1186 2476 1305 2511 ullum
1334 2476 1456 2511 facere
1489 2475 1614 2519 potest
1645 2473 1761 2519 crepi-

232 2526 323 2561 tum.
375 2525 471 2560 Isid.
507 2528 618 2569 10,74.
670 2523 904 2569 Decrepitus,
945 2524 1044 2569 quod
1076 2523 1126 2559 sit
1158 2523 1270 2559 morti
1306 2521 1456 2568 propior
1490 2523 1529 2557 et
1567 2521 1674 2566 quasi
1711 2520 1759 2556 ad

233 2572 362 2607 mortis
394 2572 564 2607 tenebras
597 2573 738 2617 uertat,
771 2571 868 2606 sicut
898 2571 1151 2617 crepusculum
1185 2572 1331 2616 tempus
1363 2569 1492 2605 noctis.
1536 2569 1600 2604 alii
1618 2568 1762 2603 ‘dieunt

233 2619 480 2664 decrepitum,
515 2631 588 2655 non
614 2619 678 2664 qui
712 2620 903 2655 senectute
928 2618 1140 2654 auulsusest
1165 2621 1226 2654 ete.
1263 2619 1308 2662 ef.
1334 2617 1434 2653 Non.
1469 2620 1582 2660 13,12.
1622 2616 1760 2651 Donat.

233 2667 336 2703 Eun.
363 2670 490 2711 2,1.25.
534 2667 639 2702 Luct.
669 2667 772 2703 Plac.
803 2666 908 2701 Theb.
944 2670 1057 2710 1‚344.
1087 2665 1165 2700 ΟΡ.
1188 2677 1225 2710 p.
1254 2669 1309 2700 93.
1432 2668 1474 2699 17
1501 2663 1664 2710 diplosa]
1693 2661 1764 2698 ΟΡ

228 2726 269 2758 p.
299 2718 378 2750 181.
422 2714 633 2759 Displosus,
669 2713 880 2749 distractus.
932 2714 1020 2749 ibid.
1040 2724 1082 2758 p.
1108 2717 1189 2748 458.
1222 2712 1409 2758 displodo,
1447 2711 1497 2756 is,
1531 2711 1571 2746 id
1603 2713 1660 2746 est
1684 2709 1759 2745 dis-

234 2763 359 2797 cutere
390 2761 452 2797 uel
487 2772 674 2806 quassare.
725 2763 763 2796 ct
799 2760 886 2796 inde
927 2760 1111 2805 displosus
1147 2771 1187 2802 a,
1220 2772 1298 2804 um,
1335 2759 1373 2794 id
1406 2761 1463 2794 est
1493 2758 1685 2794 discussus.

237 2813 278 2844 18
314 2809 411 2855 duit]
445 2809 505 2844 lib.
540 2809 645 2854 yloss.
678 2809 750 2853 (ph
782 2809 935 2843 Duent
970 2808 1148 2853 (Duanw)
1185 2810 1224 2843 et
1254 2806 1400 2850 duint,
1439 2806 1545 2849 dent,
1578 2804 1758 2840 tribuant.

236 2856 398 2901 Papias:
424 2857 558 2900 Duent,
584 2855 738 2891 dabunt.
775 2857 825 2890 id.
853 2855 985 2899 Duere,
1011 2855 1111 2890 dare.
1149 2855 1194 2898 cf.
1220 2855 1334 2898 Neue,
1358 2854 1542 2889 Formenl.
1568 2852 1603 2888 d.
1629 2852 1652 2886 Ζ.
1673 2850 1758 2898 Spr.

233 2903 267 2937 11
287 2915 327 2948 p.
355 2907 434 2940 339.
546 2907 589 2938 19
615 2903 802 2950 deciditis]
830 2904 875 2947 cf.
904 2903 1029 2938 Plaut.
1059 2903 1158 2939 Pers.
1186 2906 1312 2948 4,4‚45.
1423 2904 1469 2937 20
1493 2898 1684 2945 datantur]
1711 2897 1758 2944 cf.

234 2950 363 2987 datare
389 2963 448 2996 ap.
478 2951 604 2987 Plaat.
634 2951 765 2987 Pseud.
793 2953 920 2997 4,7,25‚.
946 2953 1008 2986 etc.
