1898 3294
869 202 916 206 -*
984 188 1062 218 XIV
1132 201 1178 205 --

259 284 643 339 praescriptionem
664 285 707 323 et
734 282 1045 323 breuiationem
1066 281 1197 323 fuisse
1229 284 1332 335 puto
1367 284 1409 322 et
1442 281 1656 336 librarios,
1686 297 1782 325 cum

255 344 403 397 notam
436 353 501 395 ‘de
534 352 709 408 glossis'
742 351 988 407 appositam
1019 351 1247 404 uidissent,
1286 366 1363 406 pro
1396 351 1478 392 hac
1507 351 1634 394 modo
1666 351 1783 394 ‘Vir-

251 425 364 480 qilii’
405 424 530 466 modo
569 421 763 465 ‘Isidori’
803 423 925 478 quasi
957 422 1176 464 doctrinae
1209 436 1309 463 suae
1342 422 1623 463 ostentandae
1655 435 1784 465 causa

255 495 478 549 scripsisse
497 495 625 550 idque
645 493 816 548 saepius
836 493 959 536 falso.
998 493 1060 534 sic
1091 493 1263 547 glossae
1283 493 1554 547 Virgilianae
1587 491 1784 545 ‘referunt

254 565 481 619 reportant’
520 565 673 607 ‘secreti
710 565 837 607 diuisi
879 562 1080 617 separati-⁹
1125 563 1170 604 in
1208 563 1303 606 aliis
1343 563 1467 605 libris
1503 563 1696 618 Virgilio
1735 565 1780 606 in

256 637 353 679 aliis
376 636 549 678 Placido
583 635 788 690 adscripti
820 635 1023 689 leguntur
1055 637 1097 675 et
1128 634 1355 688 permultis
1388 635 1493 676 locis
1527 634 1779 676 Isidorianis

254 709 300 750 in
331 708 443 749 libro
477 708 723 762 glossarum
753 719 910 748 nomen
941 704 1106 746 Placidi
1146 706 1389 759 appositum
1422 708 1498 746 est.
1561 705 1611 747 cf.
1644 703 1781 747 Class.

256 779 306 819 A.
337 781 367 820 t.
399 777 462 819 VI
495 792 534 831 p.
566 777 663 819 564.
701 777 857 830 ironia,
896 777 1044 829 ianua,
1075 775 1313 829 iannarius,
1344 790 1382 829 p.
1415 775 1513 816 567.
1543 778 1716 817 nautam
1746 779 1784 816 et

254 850 465 902 nauitarn,
497 863 537 903 p.
570 848 669 890 568.
700 848 917 890 oblectatur
948 849 1028 888 etc.

374 918 456 961 Sed
495 918 690 974 quamuis
727 918 867 960 multa
902 918 949 959 in
986 916 1211 972 glossariis
1243 916 1418 959 Placido
1451 917 1562 959 falso
1595 917 1683 959 sint
1713 932 1780 960 as-

255 990 444 1044 signata,
475 993 622 1031 tamen
654 988 862 1030 eiusmodi
888 988 1277 1030 additamentorum
1301 1002 1503 1030 numerus
1533 988 1671 1031 maior
1702 991 1781 1043 est,

254 1075 384 1115 quam
422 1064 469 1102 ut
508 1075 533 1101 a
571 1059 764 1101 librariis
803 1059 950 1102 omnia
987 1061 1166 1114 peccata
1203 1072 1296 1099 esse
1327 1058 1565 1100 uideantur.
1615 1059 1781 1101 accedit

253 1131 367 1185 quod
409 1131 600 1173 Isidorus
638 1130 690 1171 D.
722 1130 774 1172 V.
806 1130 887 1184 99„
931 1144 1015 1184 quo
1058 1143 1142 1171 uno
1187 1129 1282 1170 loco
1327 1128 1549 1171 Placidum
1593 1129 1779 1172 dilucide

252 1201 464 1255 nominat,
496 1201 602 1242 haec
634 1201 826 1255 scripsit:
858 1200 1069 1251 Placidus,
1100 1200 1354 1254 conscribere,
1384 1201 1530 1255 inquit,
1561 1203 1620 1243 est
1647 1200 1780 1242 multa
1853 1211 1861 1218 ·

251 1272 376 1314 simul
406 1272 585 1313 seribere.
636 1271 875 1324 eoeseribere,
905 1270 1014 1324 qnod
1056 1269 1158 1312 alibi
1199 1271 1397 1324 seriptum
1438 1271 1508 1324 sit,
1547 1271 1779 1324 transferre.

253 1342 551 1396 transscribere,
582 1355 710 1395 qnwm
728 1342 794 1383 ins
811 1344 998 1383 nostrum
1017 1341 1063 1382 in
1081 1341 1214 1383 alium
1233 1342 1394 1384 transit.
1414 1342 1633 1384 inscribere
1660 1355 1778 1384 aceu-

250 1414 423 1455 sationis
436 1416 503 1454 est.
534 1412 731 1454 ascribere
743 1412 1047 1465 assiymtionis.
1077 1412 1294 1454 describere
1306 1413 1498 1455 dictionis
1514 1413 1580 1454 uel
1591 1412 1778 1455 ordinis'.

253 1498 348 1525 cum
380 1483 487 1525 haec
518 1483 654 1524 uerba
685 1496 735 1524 ex
768 1482 983 1537 Agroecio
1016 1481 1066 1523 de
1100 1482 1211 1524 orth.
1243 1483 1372 1537 2243,
1400 1484 1438 1525 8.
1459 1483 1504 1525 Ρ.
1526 1483 1579 1525 ad
1597 1484 1778 1526 uerbum

251 1569 387 1608 paene
440 1554 656 1608 descripta
705 1553 808 1607 sint,
849 1552 1082 1595 Luctatius
1133 1553 1241 1595 alias
1302 1568 1470 1609 quoque
1519 1568 1586 1595 res
1637 1568 1776 1608 gram-

252 1625 431 1666 maticas
457 1624 502 1665 in
527 1624 652 1666 libris
678 1626 889 1665 tractasse
921 1626 964 1665 et
996 1638 1115 1666 more
1141 1624 1524 1678 grammaticorum
1555 1627 1604 1666 ut
1635 1624 1777 1679 Capri,

251 1695 473 1750 Agroecii,
505 1697 746 1736 ceterorum
777 1695 899 1736 uaria
929 1694 1139 1749 quaedam
1170 1689 1220 1735 de
1252 1695 1483 1736 uerborum
1513 1695 1776 1750 proprietate

251 1781 301 1808 ac
344 1766 587 1807 differentia
637 1768 931 1820 comportasse
974 1765 1156 1807 uidetur.
1219 1780 1347 1820 quam
1391 1767 1683 1808 coniecturam
1723 1780 1775 1807 eo
1845 1813 1848 1817 ,

251 1837 416 1879 firmari
462 1836 669 1891 arbitror,
714 1837 827 1891 quod
870 1835 1102 1878 discrimen
1152 1837 1264 1878 inter
1307 1835 1470 1878 ‘bucina
1511 1839 1550 1878 et
1589 1833 1774 1878 bucimas'
1840 1827 1849 1837 ”

251 1908 562 1962 glossariorum
598 1907 847 1949 testimonio
879 1907 1055 1948 Placido
1086 1906 1309 1961 proprium
1341 1907 1501 1948 eisdem
1523 1906 1676 1948 'uerbis
1709 1921 1775 1960 ap.

252 1977 452 2019 Flauium
495 1977 545 2018 de
590 1977 703 2019 orth.
746 1977 882 2032 2243,
903 1977 940 2027 8.
980 1977 1027 2019 Ρ.
1077 1977 1296 2019 inuenitur
1341 1977 1560 2032 scriptum.
1627 1991 1678 2018 ex
1722 1990 1772 2019 eo

250 2049 319 2090 uel
370 2048 503 2089 simili
547 2063 674 2103 opere
723 2048 933 2090 nonnulla
981 2048 1026 2089 in
1075 2048 1235 2090 librum
1285 2048 1526 2103 glossarum
1574 2047 1774 2089 uidentur

251 2119 387 2161 ascita
419 2133 524 2160 esse.

990 2201 1040 2242 V.

386 2305 457 2340 Ex
487 2302 655 2348 quibus
687 2302 950 2339 auctoribus
981 2301 1193 2338 Placidus
1223 2301 1395 2346 glossas
1425 2301 1640 2337 hauserit.

370 2402 474 2445 Inde
506 2403 619 2458 quod
650 2403 763 2444 inter
787 2402 952 2444 Placidi
985 2402 1156 2456 glossas
1188 2404 1232 2443 et
1261 2401 1381 2443 Festi
1411 2401 1615 2456 reliquias
1647 2415 1772 2456 quae-

250 2473 349 2516 dam
369 2474 674 2516 similitudines
694 2473 974 2527 intercedunt,
1006 2487 1077 2514 eas
1098 2487 1149 2514 ex
1167 2472 1359 2527 pleniore
1389 2471 1518 2513 Festo
1550 2473 1771 2526 excerptas

251 2559 344 2586 esse
377 2543 658 2586 Muellerus
691 2544 910 2597 iudicauit.
960 2558 1219 2598 quamquam
1250 2545 1391 2585 autem
1412 2542 1579 2597 aliquot
1611 2542 1772 2596 glosse-

249 2618 370 2658 mata
400 2629 450 2656 ex
483 2615 637 2670 opibus
670 2615 814 2658 Verrii
850 2615 1104 2669 deprompta
1139 2614 1231 2656 iure
1267 2613 1466 2655 uidentur
1507 2627 1618 2667 esse,
1654 2613 1774 2655 uelut

252 2685 523 2739 ‘altriplicerm
544 2699 706 2741 ancras,
725 2687 848 2739 batos,
873 2685 1103 2738 caesariati,
1134 2688 1343 2738 cracentes,
1374 2684 1572 2734 darni-nm,
1602 2683 1773 2737 flamre,

247 2757 476 2809 fraeebunt,
517 2757 691 2811 fratria,
744 2754 1000 2809 masueium',
1043 2758 1187 2796 tamen
1233 2754 1432 2796 Muelleri
1483 2754 1771 2796 coniecturam

249 2830 364 2870 recte
402 2827 646 2882 repudiauit
682 2826 1021 2870 Ritschelius:
1059 2841 1160 2867 nam
1199 2825 1236 2867 si
1274 2826 1368 2881 quis
1405 2828 1633 2879 utrumque
1664 2838 1772 2878 opus

255 2899 395 2941 obiter
426 2899 596 2939 tantum
628 2898 879 2953 inspexerit,
911 2897 1024 2939 inter
1042 2896 1286 2951 glossarum
1319 2899 1363 2938 et
1393 2895 1536 2950 copias
1568 2897 1611 2936 et
1641 2894 1774 2949 expli-
