1898 3294
896 190 1182 231 „44—

270 295 302 348 F
310 312 335 338 a
344 311 363 337 s
373 312 392 337 s
403 296 442 337 it
454 312 479 337 u
488 312 507 337 s
514 329 525 350 ‚
575 296 741 338 solutus
793 298 858 338 est
902 298 977 338 aut
1023 298 1301 350 consumptus
1352 295 1420 337 uel
1470 294 1702 338 exhaustus
1711 328 1724 350 ‚
1773 309 1801 337 a

331 355 584 398 fatiscendo.

269 413 303 456 F
313 429 334 456 c
344 429 365 456 r
373 429 397 456 o
408 429 429 456 c
438 414 450 456 i
460 429 482 456 e
493 429 522 455 n
530 417 550 456 t
559 430 581 456 e
590 430 628 468 s,
659 414 865 456 ferociam
898 416 1155 456 exercentes.

273 472 308 515 F
319 473 334 514 l
344 488 402 515 ax
411 489 437 515 a
447 488 468 515 r
477 488 498 515 e
506 507 517 528 ‚
548 473 723 530 uigilias
755 473 992 516 circumire.

235 544 252 570 5
270 531 305 574 F
314 532 432 575 auni
441 547 466 574 o
475 548 580 575 rum
620 548 664 574 m
673 547 697 575 0
706 533 764 575 do
773 547 794 574 r
804 547 900 588 um,
945 532 1344 587 antiquissimorum
1382 547 1601 587 uersuum,
1645 531 1802 587 quibus

329 591 527 634 Faunum
558 592 849 635 celebrabant.

270 650 582 707 Famulatio‚
613 651 855 706 seruitium,
886 653 935 693 ut
965 651 1142 705 eritio,
1163 651 1423 693 dominatio.

270 709 304 751 F
312 726 336 753 o
346 711 401 752 rd
410 725 451 766 a,
482 711 626 766 plena,
659 711 775 753 dicta
807 726 832 752 a
863 712 1130 765 praegnante
1139 743 1151 765 ,
1183 710 1295 764 quod
1325 709 1497 764 proprie
1529 709 1760 764 significat.

270 768 304 810 F
311 785 333 811 r
342 785 367 812 a
375 784 398 812 c
407 785 429 811 e
436 770 464 811 b
474 785 502 811 u
510 785 538 811 n
545 773 565 812 t
571 804 582 825 ,
614 770 866 824 sordebunt,
897 769 1199 824 displicebunt.
1243 769 1406 811 dictum
1438 784 1464 811 a
1494 768 1696 823 fracibus,
1727 768 1801 824 qui

222 841 255 865 10
335 832 435 871 sunt
467 829 691 871 stillicidia
723 828 997 884 sterquilinii.
1137 826 1139 829 ’

271 888 305 930 F
317 904 342 931 a
351 889 467 931 cinu
478 903 515 943 s,
547 903 673 931 omne
704 888 881 931 factum.

271 947 410 990 Fauo
422 948 562 990 nium
614 948 803 1003 odium,
849 947 942 989 leue
987 949 1031 989 et
1083 947 1174 989 sine
1224 961 1371 1001 causa,
1419 946 1541 988 uelut
1599 961 1625 988 a
1672 947 1802 988 uento

333 1007 574 1049 collectum.

272 1066 402 1109 Futa
413 1067 508 1121 uit,
532 1067 634 1109 fuit.

220 1135 252 1160 15
271 1125 459 1180 Fulsit‚
491 1126 610 1168 feriit
640 1126 709 1168 uel
739 1125 965 1180 percussit.
1020 1125 1223 1180 fulgere
1263 1125 1377 1167 enim
1407 1124 1536 1166 ferire
1571 1125 1655 1180 est,
1692 1122 1802 1166 unde

332 1200 500 1240 quoque
534 1184 726 1227 ‘fulmen'
758 1185 933 1227 dictum.

271 1243 305 1286 F
315 1260 342 1286 u
353 1247 372 1286 t
381 1245 395 1286 i
404 1260 422 1286 s
430 1278 442 1299 ‚
473 1259 550 1287 uas
584 1244 810 1299 aquarium
841 1244 1043 1298 perparui
1075 1244 1174 1286 oris.

271 1303 305 1345 F
314 1319 338 1345 a
346 1319 368 1345 c
377 1318 398 1345 e
406 1303 500 1345 tiis
508 1338 519 1358 ‚
551 1303 674 1359 iocis,
707 1303 892 1358 lusibus,
924 1303 1105 1359 salibus,
1136 1302 1397 1346 urbanitate.

271 1363 443 1418 Facul,
474 1363 614 1406 facile.

370 1555 386 1586 1
413 1551 578 1586 Fassitus
604 1551 740 1587 Ramr:
767 1551 936 1586 Fascrtus
962 1550 1024 1586 Ho
1047 1551 1050 1592 Ι
1073 1551 1132 1585 est
1155 1561 1190 1585 r:
1216 1551 1265 1586 sit
1289 1564 1317 1585 ω
1439 1555 1459 1585 3
1486 1549 1744 1586 Ferocicuotes
1770 1548 1802 1585 0

273 1602 294 1633 5
327 1598 553 1634 Fauniorum
590 1610 628 1634 v:
667 1598 891 1634 Fauinorum
935 1598 992 1643 H,
1029 1598 1239 1633 Faunorum
1276 1598 1338 1633 Ra
1366 1598 1370 1642 Ι
1403 1597 1536 1643 quibus
1577 1597 1628 1632 P:
1672 1596 1738 1642 qui
1768 1596 1802 1632 G

274 1650 294 1681 6
321 1646 475 1682 faunum
499 1657 547 1694 ὐς-
575 1646 703 1681 fanum
733 1646 816 1690 Ha,
850 1646 998 1680 Faunus
1030 1645 1067 1680 R
1094 1647 1098 1689 1
1127 1645 1368 1681 celebrabant
1396 1656 1478 1681 nos:
1517 1644 1724 1680 celebratur
1757 1643 1803 1690 P,

272 1693 463 1729 celebrant
486 1705 507 1728 v
630 1698 649 1728 7
675 1693 828 1729 seruitio
855 1693 889 1728 G
962 1710 965 1712 ·
1009 1697 1029 1728 9
1055 1692 1120 1738 qui
1147 1692 1221 1728 Pv:
1249 1704 1344 1738 quae
1363 1704 1419 1738 pa
1534 1696 1577 1727 13
1603 1691 1803 1727 collectum

273 1741 361 1776 RG:
391 1741 550 1776 collecto
576 1741 651 1777 GH
816 1744 860 1776 14
885 1739 984 1776 fudit
1005 1740 1174 1785 Gorssen,
1199 1740 1300 1775 Krit.
1325 1740 1443 1777 Beitr.
1469 1750 1498 1775 z.
1526 1740 1591 1775 lat.
1617 1738 1801 1775 Formenl.

273 1793 365 1824 1863
385 1800 425 1833 p.
453 1792 532 1824 214.
658 1792 699 1824 15
725 1787 838 1834 periit
861 1787 898 1823 R
995 1791 1039 1822 17
1066 1787 1170 1823 Futis
1196 1788 1299 1823 Mai:
1331 1787 1457 1823 Fuctis
1486 1786 1531 1833 P,
1555 1787 1629 1823 Fut
1653 1785 1743 1822 tulis
1767 1796 1801 1831 v,

272 1835 408 1871 Futilis
436 1835 580 1880 Papias
601 1837 607 1880 Ι
629 1847 811 1881 aquarum
838 1834 872 1870 G
893 1836 898 1879 Ι
921 1834 996 1870 oris
1023 1835 1073 1870 G:
1100 1835 1220 1880 operis
1249 1834 1286 1869 P

369 1899 389 1929 3
421 1894 658 1942 ferocientes]
691 1894 790 1929 Fest.
830 1894 940 1930 Paul.
973 1898 1064 1937 92,7.
1121 1893 1267 1930 Ferocit
1311 1905 1371 1939 ap.
1403 1893 1582 1929 Catonem
1616 1893 1804 1929 ‘ferociter

275 1941 383 1987 agit’.
430 1942 501 1977 ΟΡ
520 1953 558 1987 p.
591 1945 706 1986 8‚210.
750 1941 922 1986 Feroeio,
957 1941 1007 1983 is,
1032 1941 1071 1976 id
1098 1942 1154 1977 est
1179 1941 1332 1977 saeuire.
1366 1942 1469 1987 yloss.
1497 1941 1612 1977 Labb.
1649 1939 1803 1977 Ferocio

273 1986 528 2035 ἄγριαίνομαι.
625 1993 648 2024 4
672 1988 824 2034 flaxare]
846 1989 1078 2032 FestPaul.
1099 1992 1192 2033 91,9.
1230 1988 1402 2034 Fraxare,
1436 1988 1606 2034 uigiliam
1638 1987 1802 2024 circuire.

275 2040 294 2071 7
321 2036 533 2083 famulatio]
560 2037 664 2082 yloss.
689 2048 744 2082 yr.
780 2037 844 2071 lat.
878 2036 1059 2080 Δουλεία,
1084 2035 1305 2079 famulatus,
1329 2035 1536 2072 famulatio.
1634 2040 1655 2072 8
1680 2035 1802 2081 forda]

282 2084 389 2120 Varr.
414 2084 459 2120 L.
486 2084 531 2122 L.
558 2088 651 2128 6‚15.
694 2084 764 2119 Bos
783 2083 907 2128 forda,
934 2094 1030 2129 quae
1055 2083 1128 2119 fert
1152 2083 1191 2118 iu
1216 2085 1356 2119 uentre.
1383 2084 1434 2119 id.
1459 2083 1506 2118 R.
1532 2083 1579 2120 R.
1606 2087 1674 2128 2‚5.
1700 2082 1803 2126 Quae

272 2130 410 2167 sterilis
449 2133 506 2167 est
541 2142 673 2175 uacca,
711 2133 821 2167 taura
860 2131 1090 2176 appellatur,
1134 2141 1229 2176 quae
1268 2142 1496 2177 praegnans,
1535 2130 1651 2168 forda.
1698 2130 1799 2167 Fest.

276 2179 386 2214 Paul.
420 2183 536 2223 83,13.
579 2178 787 2215 Fordicidia
812 2178 928 2214 boues
951 2178 1097 2223 fordae‚
1129 2178 1169 2214 id
1194 2179 1251 2214 est
1274 2178 1468 2223 grauidae,
1501 2177 1803 2222 immolabantur,

274 2226 398 2262 dictae
424 2237 447 2262 a
470 2226 582 2261 fetu„
605 2227 652 2270 cf.
681 2226 789 2262 Ouid.
810 2226 915 2261 Fast.
942 2230 1058 2269 4‚631.
1157 2229 1176 2260 9
1203 2225 1412 2271 fracebunt]
1433 2225 1531 2262 Fert.
1554 2225 1666 2262 Paul.
1686 2229 1802 2269 90‚11.

273 2274 493 2318 Fracebunt,
514 2273 775 2318 displicebunt.
794 2274 899 2318 yloss.
922 2273 1070 2309 Philone.
1090 2273 1256 2318 Fracere,
1277 2269 1508 2316 ἐξίστασθαι.
1587 2276 1630 2308 14
1649 2271 1801 2319 futauit]

275 2321 374 2356 Fest.
404 2321 514 2356 Paul.
549 2325 641 2365 89‚3.
678 2321 815 2356 Futare
846 2331 1001 2365 arguere
1033 2321 1090 2355 est
1119 2321 1158 2356 et
1190 2320 1390 2356 confutare.
1436 2319 1500 2355 sed
1526 2319 1616 2355 Cato
1641 2319 1712 2355 hoc
1736 2330 1803 2364 pro

278 2367 441 2414 ‘saepius
465 2367 592 2403 fuisse'
621 2367 756 2414 posuit.
794 2369 840 2412 cf.
866 2368 1051 2403 Futauere
1070 2379 1112 2412 p.
1137 2371 1194 2403 45.
1349 2371 1392 2403 15
1416 2366 1543 2425 fulsiq
1563 2366 1661 2402 Fest.
1690 2366 1800 2403 Paul.

276 2419 391 2460 92‚21.
436 2415 594 2461 Fulgere
626 2414 738 2460 prisci
769 2427 836 2461 pro
870 2414 1010 2451 ‘ferire’
1045 2414 1236 2459 dicebant,
1258 2415 1365 2461 unde
1401 2414 1524 2460 fulgus
1560 2413 1702 2450 dictum
1733 2415 1800 2451 est.

276 2464 371 2499 Isid.
399 2467 526 2508 13,9‚1.
569 2462 711 2508 Fulgur
730 2464 768 2498 et
791 2462 945 2507 fulmen,
970 2461 1067 2498 ictus
1093 2460 1263 2498 caelestis
1290 2461 1422 2507 iaculi,
1447 2473 1471 2497 a
1495 2461 1661 2498 feriendo
1697 2460 1800 2497 dicti.

274 2510 419 2557 fulgere
438 2509 538 2546 enim
557 2510 666 2546 ferire
687 2511 744 2546 est
763 2521 807 2546 ac
824 2512 1028 2556 percutere.
1055 2510 1101 2554 cf.
1123 2510 1253 2545 Maell.
1274 2510 1324 2544 ad
1348 2509 1446 2545 Fest.
1460 2509 1482 2545 l.
1504 2520 1532 2544 c.
1630 2513 1673 2545 17
1692 2508 1798 2556 futis]

283 2558 390 2593 Varr.
426 2557 471 2593 L.
502 2558 546 2592 L.
576 2561 693 2602 5‚119.
748 2557 824 2593 Vas
862 2557 1057 2603 aquarium
1091 2558 1228 2593 uocant
1263 2556 1392 2600 futim,
1430 2556 1530 2602 quod
1563 2555 1602 2591 in
1638 2555 1801 2592 triclinio

276 2605 430 2641 allatam
464 2616 603 2650 aquam
640 2604 896 2640 infundebant.
946 2604 1049 2640 Seru.
1087 2604 1179 2641 Aen.
1213 2607 1351 2647 11‚339.
1395 2603 1481 2639 Non
1510 2603 1630 2639 futilis
1662 2604 1802 2646 auctor,

274 2663 348 2688 non
371 2651 502 2688 inanis.
541 2663 627 2688 nam
646 2652 752 2687 futtis
779 2653 844 2697 (sic
864 2652 982 2696 Guelf.
1006 2656 1035 2687 1.
1062 2652 1158 2687 alias
1180 2650 1314 2696 futilis)
1338 2662 1404 2686 uas
1430 2651 1617 2696 quoddam
1644 2651 1701 2687 eut
1723 2650 1802 2687 lato

276 2711 356 2745 ore,
387 2699 502 2735 fundo
534 2702 708 2745 angusto,
748 2710 821 2745 quo
860 2699 1061 2735 utebantur
1098 2698 1136 2734 in
1169 2698 1282 2734 sacris
1312 2697 1467 2743 Vestae,
1505 2697 1595 2743 quia
1624 2709 1724 2743 aqua
1753 2697 1800 2733 ad

274 2758 379 2783 sacra
405 2746 574 2793 [Vestae]
600 2747 736 2782 hausta
759 2748 798 2782 in
822 2748 923 2782 terra
946 2758 1020 2782 non
1045 2745 1212 2792 ponitur:
1238 2745 1337 2791 quod
1362 2745 1393 2781 si
1417 2745 1492 2790 fiat,
1517 2745 1708 2791 piaculum
1732 2746 1799 2780 est.

274 2794 372 2830 unde
398 2794 651 2840 excogitatum
676 2796 733 2830 est
757 2805 840 2839 uas,
873 2794 972 2839 quod
998 2795 1096 2830 stare
1120 2804 1195 2830 non
1218 2794 1362 2838 posset,
1394 2793 1458 2829 sed
1482 2793 1646 2838 positum
1671 2791 1800 2828 statim

275 2841 533 2878 effunderetur.
561 2842 620 2877 lib.
640 2842 746 2887 yloss.
774 2843 840 2886 (r):
865 2841 970 2877 Futis
995 2841 1138 2877 dictum
1163 2841 1220 2877 est
1244 2840 1432 2886 quoddam
1457 2851 1524 2876 uas
1549 2839 1589 2875 in
1612 2838 1800 2876 sacrificiis

275 2889 429 2924 deorum
453 2888 634 2934 positum,
660 2889 750 2934 quia
775 2890 874 2925 stare
899 2900 973 2924 non
998 2889 1164 2934 poterat,
1190 2887 1255 2923 sed
1280 2887 1407 2923 statim
1433 2898 1568 2934 aquam
1593 2885 1733 2923 effudit.

277 2940 319 2972 19
345 2935 461 2984 facul]
487 2935 585 2973 Fest.
615 2935 725 2972 Paul.
752 2940 843 2982 87,1.
870 2935 969 2973 Fest.
995 2939 1134 2981 214‚2o.
1159 2935 1257 2971 Nou.
1285 2939 1422 2981 111,21.
