1898 3294
223 271 297 312 ubi
319 271 552 326 coniunxit,
584 286 693 326 quae
712 272 758 312 in
783 272 907 313 libris
934 275 1198 327 separantur,
1230 275 1278 314 ut
1302 273 1347 314 in
1379 273 1617 330 ‘mutatura
1647 277 1752 318 mul-

222 341 393 395 citator’,
436 342 504 383 uel
549 341 623 383 ubi
667 342 791 396 quasi
829 342 1010 384 laciniae
1049 343 1291 398 glossarum
1331 346 1575 399 supersunt,
1618 347 1667 387 ut
1707 346 1754 388 in

224 411 541 464 ‘cccfabillauera
572 411 758 466 mattya'.
795 413 863 454 his
896 413 1095 455 omnibus
1126 414 1171 454 in
1203 413 1311 455 locis
1339 412 1372 455 G
1405 417 1449 456 et
1480 414 1534 456 ab
1567 414 1754 458 editione

222 481 398 524 Maiana
423 482 566 524 differt
591 485 634 525 et
658 498 754 525 cum
780 483 922 525 codice
949 483 1269 539 Hamburgensi
1295 481 1387 540 (H),
1419 485 1469 526 de
1496 500 1578 540 quo
1605 486 1755 528 statim

222 552 423 607 dicemus,
449 554 632 595 maxime
658 555 885 596 consentit.
934 554 1004 596 hic
1035 555 1146 596 liber
1175 559 1223 596 ut
1255 556 1447 596 omnium
1474 559 1540 597 est
1564 556 1754 610 optimus

222 623 284 665 ita
314 624 493 678 reliquis
525 624 704 679 plenior,
729 639 831 666 nam
855 639 1057 666 numerus
1085 626 1328 680 glossarum
1354 640 1405 667 ex
1432 640 1481 668 eo
1507 626 1576 668 his
1603 630 1754 669 auctus

223 697 309 735 est:
343 694 659 750 ‘aristophaucs,
690 699 894 748 accurate,
925 709 1103 750 ayurme,
1126 694 1359 751 babilonia,
1390 697 1594 751 damiam,
1623 698 1754 752 critic,

219 766 393 816 facetus,
443 766 725 820 subsistentia,
774 765 917 808 theos':
967 781 1149 821 quarum
1198 781 1248 808 ex
1292 781 1472 809 numero
1517 766 1665 810 ‘critic'
1710 771 1754 810 et

223 835 406 888 ‘facetus'
433 851 484 878 ex
512 835 761 889 ‘famulatio'
788 839 832 878 et
857 835 1044 890 ‘lepidus'
1071 839 1299 891 excerptae
1326 841 1437 892 sunt,
1464 837 1752 880 ‘subsistentia'

221 906 300 948 illa
331 907 501 961 quide‘m
534 923 558 948 a
589 907 706 950 Maio
739 907 890 962 allata,
931 906 1004 948 sed
1035 907 1080 947 in
1113 905 1191 948 GH
1223 910 1270 949 ut
1301 907 1593 962 fragmentum
1625 909 1754 964 quod-

221 977 319 1018 dam
350 978 507 1019 iterum
539 979 682 1032 posita
709 980 786 1020 est.
836 977 1028 1032 ‘ayuunc'
1061 980 1136 1019 aut
1166 978 1279 1019 idem
1311 982 1376 1020 est
1409 980 1521 1033 quod
1553 978 1752 1034 ‘aymam'

222 1050 296 1089 aut
327 1063 406 1102 pro
439 1047 722 1102 ‘ayiuatorem’
755 1051 1017 1102 corruptum.

341 1118 528 1160 Eaedem
572 1134 709 1161 nouae
754 1119 926 1174 glossae
970 1119 1074 1160 item
1120 1122 1292 1162 exstant
1332 1120 1377 1161 in
1414 1121 1559 1162 codice
1602 1120 1753 1163 Ham-

222 1187 468 1243 bur‘gensi
512 1187 592 1245 (H)
629 1189 765 1231 chart.
803 1204 834 1231 s.
875 1188 988 1243 XV.,
1027 1203 1076 1230 ex
1117 1203 1200 1244 quo
1244 1190 1419 1245 insuper
1442 1191 1571 1244 ,aliae
1614 1206 1753 1235 nouae

224 1263 515 1302 accesserunt:
560 1259 790 1310 ‘caelibum
833 1273 1028 1310 caruasa,
1071 1260 1283 1315 cassiculo,
1326 1261 1506 1316 citarier,
1549 1263 1752 1314 concordo,

224 1330 531 1385 desipiscentes',
556 1330 710 1372 desunt
736 1333 880 1372 autem
909 1330 1168 1384 ‘neunquawu
1199 1331 1402 1386 concubia,
1427 1333 1580 1387 deniae,
1611 1333 1754 1376 erum'.

339 1401 516 1443 Praeter
553 1401 633 1443 hos
671 1401 836 1443 codices
874 1402 1020 1456 plures
1058 1400 1223 1443 Romae
1262 1404 1353 1444 tam
1398 1402 1442 1443 in
1486 1403 1753 1446 bibliotheca

221 1472 436 1515 Vaticana
451 1487 579 1528 quam
594 1471 639 1513 in
654 1471 752 1513 aliis
767 1472 951 1514 inueniri
966 1471 1244 1514 Guilelmus
1266 1473 1327 1515 M
1325 1486 1494 1527 eyerus
1511 1488 1588 1515 nos
1609 1474 1754 1516 docuit

221 1548 263 1585 et
283 1543 492 1598 suspicari
516 1543 628 1597 licet,
654 1543 763 1584 alios
785 1542 881 1584 aliis
907 1543 952 1584 in
975 1543 1082 1584 locis
1109 1543 1256 1584 latere.
1300 1543 1374 1584 sed
1399 1543 1562 1586 Placidi
1581 1546 1754 1600 glossae

219 1629 305 1656 non
343 1615 480 1656 solum
521 1613 706 1668 propriis
745 1613 888 1668 libris,
931 1628 1191 1668 quamquam
1229 1613 1315 1655 iam
1356 1614 1424 1655 his
1468 1614 1634 1657 alienae
1677 1616 1754 1657 im-

222 1686 381 1726 mixtae
426 1685 641 1739 uidentur,
685 1685 739 1726 ad
783 1687 970 1726 aetatem
1017 1687 1213 1726 nostram
1256 1687 1561 1740 peruenerunt,
1605 1700 1754 1728 uerum

221 1757 354 1797 etiam
374 1771 470 1797 cum
491 1755 589 1797 aliis
610 1755 768 1811 glossis
789 1755 1048 1797 commixtae
1075 1758 1118 1796 et
1144 1755 1267 1810 quasi
1294 1755 1338 1797 in
1365 1770 1518 1810 corpus
1544 1756 1752 1799 redactae.

220 1827 346 1869 huius
392 1826 562 1881 generis
586 1823 589 1825 ’
613 1826 825 1868 librorum
875 1825 1108 1880 primarius
1152 1829 1218 1867 est
1267 1826 1340 1881 qui
1390 1830 1570 1868 uocatur
1618 1827 1753 1870 liber

220 1898 529 1953 glossarum,
561 1897 681 1939 cuius
708 1898 857 1938 extant
882 1896 1079 1951 exempla
1099 1896 1327 1938 admodum
1352 1900 1536 1939 uetusta.
1574 1898 1752 1953 codices,

220 1968 374 2022 quibus
405 1983 485 2010 nos
518 1968 584 2009 usi
623 1982 786 2022 sumus,
823 1967 870 2009 hi
903 1968 1020 2009 sunt:
1059 1966 1337 2009 Bernensis
1368 1964 1435 2024 (b)
1465 1982 1580 2009 num.
1616 1968 1681 2010 16.
1719 1983 1756 2010 s.-

218 2037 298 2093 IX,
337 2039 410 2094 qui
442 2040 508 2080 est
543 2039 708 2093 primus
747 2041 790 2080 et
827 2041 1020 2093 tempore
1058 2040 1101 2079 et
1138 2037 1351 2092 dignitate
1383 2038 1637 2093 censendus,
1680 2039 1753 2081 sed

218 2124 306 2151 non
325 2110 496 2164 glossas
517 2093 652 2152 habet
670 2109 756 2152 nisi
788 2109 840 2151 ad
872 2109 1058 2163 quinque
1084 2108 1244 2162 primas
1276 2108 1445 2151 litteras
1477 2110 1752 2163 pertinentes.

220 2180 579 2223 Vercellensis
613 2178 679 2237 (v)
711 2195 828 2222 num.
867 2180 935 2222 62.
967 2195 999 2221 s.
1036 2179 1076 2221 X
1118 2193 1254 2234 paene
1286 2179 1472 2234 integer,
1510 2180 1583 2221 sed
1615 2181 1751 2223 multo

219 2251 464 2294 mendosior
491 2254 557 2294 est
576 2251 798 2305 Bernensi,
831 2251 904 2306 qui
936 2253 980 2292 et
1011 2250 1103 2305 ipse
1134 2250 1254 2291 uitiis
1286 2253 1435 2292 scatet.
1479 2251 1750 2294 Palatinus

219 2320 285 2378 (p)
316 2330 432 2363 num.
474 2322 598 2364 1773.
637 2337 670 2363 s;
706 2321 746 2363 X
783 2321 853 2363 uel
891 2320 970 2376 XI,
1009 2336 1059 2363 ex
1098 2335 1180 2375 quo
1207 2320 1349 2362 Maius
1381 2321 1676 2364 additamenta
1707 2325 1751 2364 et

219 2392 540 2434 emendationes
579 2392 823 2447 glossarum
862 2393 907 2433 in
945 2390 1083 2433 Class.
1122 2394 1232 2433 auct.
1270 2394 1300 2433 t.
1337 2390 1411 2433 VI.
1442 2407 1482 2446 p.
1514 2393 1749 2435 554-574

219 2463 444 2518 decerpsit.
493 2463 898 2517 Bambergensis
938 2461 1001 2519 (a)
1039 2477 1070 2504 s.
1102 2461 1159 2516 X,
1197 2462 1268 2517 qui
1301 2462 1451 2504 multis
1483 2463 1590 2505 locis
1622 2465 1748 2505 muti·

218 2534 330 2576 latus
369 2537 436 2575 est
473 2517 622 2588 neque¹
649 2535 872 2575 auctorum
910 2533 1086 2575 nomina
1123 2533 1339 2587 adscripta
1376 2533 1520 2575 habet.
1575 2533 1747 2577 Mona-

219 2605 389 2646 censis
423 2602 504 2660 (m)
535 2619 652 2646 num.
700 2604 855 2645 14429.
901 2619 932 2646 s.
969 2603 1009 2646 X
1046 2603 1115 2646 uel
1156 2602 1235 2657 XI,
1279 2603 1351 2658 qui
1397 2618 1493 2645 cum
1537 2605 1660 2646 ualde
1704 2605 1748 2647 in

219 2678 451 2730 angustum
478 2675 534 2717 sit
560 2677 823 2729 contractus,
855 2675 1018 2716 multae
1037 2674 1200 2716 Placidi
1227 2675 1398 2729 glossae
1426 2675 1470 2716 in
1501 2689 1550 2717 eo
1584 2675 1746 2729 desunt,

220 2746 330 2787 aliae
362 2746 584 2788 breuiatae
617 2748 729 2787 sunt.
775 2746 957 2800 denique
988 2744 1319 2787 Monacenses
1351 2760 1465 2786 num.
1501 2745 1655 2787 13302.
1685 2743 1744 2800 (r)

220 2819 263 2856 et
301 2817 458 2859 22201.
496 2814 592 2873 (w),
628 2816 811 2872 quorum
847 2815 919 2858 ille
962 2831 997 2858 a.
1033 2815 1171 2870 1158„
1206 2815 1278 2858 hic
1316 2831 1351 2857 a.
1388 2816 1511 2858 1165.
1559 2815 1744 2869 scriptus

218 2890 294 2940 est.
346 2890 411 2928 est
443 2890 587 2929 autem
618 2889 798 2941 uterque
836 2887 1076 2942 exemplum
1114 2887 1256 2941 lexici,
1295 2887 1409 2942 quod
1439 2888 1594 2928 uocant
1625 2883 1743 2927 Salo-
