1898 3294
894 214 942 221 -,
1007 190 1181 232 48-

276 298 500 352 Ferrugo
521 309 656 351 genus
680 296 893 351 quoddam
907 295 1137 350 tincturae,
1170 295 1325 337 similis
1352 309 1567 350 purpurae
1586 295 1805 352 nigrioris·

275 356 584 399 Foederales
616 355 813 397 dicuntur
833 354 1087 409 sacerdotes,
1118 369 1194 410 per
1225 369 1331 410 quos
1351 354 1525 397 foedera
1555 354 1664 397 fiunt
1693 355 1806 397 inter

335 416 440 457 duas
474 418 642 470 genteS,
675 429 783 469 quae
816 417 914 469 post
946 414 1111 456 bellum
1142 414 1195 456 ad
1227 428 1376 469 pacem
1407 413 1598 456 redeant.

277 474 595 528 Fatisceret‚
628 474 798 516 abunde
830 474 1080 528 aperiretur.

245 553 260 570 =›
280 533 600 587 Forasticas,
633 533 879 575 exteriores.

230 962 262 985 10

233 1553 267 1578 20

234 1850 268 1875 25

278 592 373 635 Fla
386 592 519 649 gitia
551 592 750 634 dicuntur
780 592 926 646 turpia
957 595 1001 634 et
1033 591 1205 634 sordida
1236 591 1465 634 libidinum
1498 591 1690 634 erimina.

279 651 676 694 Festiuissimus
711 654 778 693 est
808 652 898 693 dies
924 652 1021 706 plus
1055 658 1182 706 quam
1214 651 1363 693 festus.
1413 651 1570 693 dicitur
1602 652 1646 692 et
1675 650 1807 693 homo

339 711 646 753 festiuissimus
678 711 722 752 id
754 713 820 752 est
851 710 1177 752 urbanissimus.

766 852 934 895 Glossae
956 867 1033 907 per
1064 851 1105 895 G
1137 853 1325 894 litteram.

283 948 470 990 Gestio
509 948 570 989 sie
608 947 865 1002 declinatur,
909 947 1121 1003 quomodo
1161 947 1304 1002 audio,
1349 947 1503 990 amicio
1543 946 1812 990 amiciebam.

342 1011 409 1049 est
441 1008 555 1049 enim
588 1007 729 1062 gestio
762 1007 960 1049 neutrale
992 1007 1185 1049 uerbum.

283 1066 504 1109 Glaucus
537 1066 678 1108 color
704 1066 919 1108 interdum
944 1081 1023 1121 pro
1049 1066 1178 1108 uiridi
1202 1066 1379 1120 ponitur
1405 1069 1448 1108 et
1474 1066 1547 1121 qui
1573 1067 1812 1109 admixtum

340 1126 475 1168 habet
512 1125 647 1167 uirori
686 1125 891 1167 alborem.
947 1140 1049 1181 nam
1086 1125 1299 1180 Virgilius
1336 1125 1419 1166 hoc
1451 1126 1588 1168 sciens
1621 1125 1813 1181 ‘glaucas

343 1184 511 1227 salices'
545 1187 587 1226 et
620 1183 760 1226 ‘ulnas
781 1184 973 1240 glaucas'
1005 1185 1126 1227 dixit.
1159 1185 1262 1226 item
1294 1185 1339 1226 in
1371 1185 1491 1239 equis
1524 1188 1601 1227 aut
1630 1181 1814 1227 homini-

342 1245 423 1287 bus
462 1243 623 1299 ‘glauci
661 1243 791 1285 oculi'
834 1259 912 1299 pro
951 1243 1164 1298 splendidi
1201 1245 1431 1298 ponuntur.
1487 1244 1674 1299 legimus
1711 1258 1813 1287 non-

342 1318 577 1359 numquam
597 1305 640 1344 et
660 1303 791 1345 maris
813 1303 1000 1345 colorem
1027 1303 1230 1358 glaucum
1261 1303 1361 1357 diei,
1395 1303 1468 1345 sed
1498 1306 1612 1358 tunc,
1644 1303 1812 1359 quando

344 1362 531 1405 canescit
562 1362 781 1416 fluetibus,
812 1363 923 1404 unde
943 1361 1130 1405 Glaucus
1163 1362 1264 1404 deus
1297 1362 1429 1405 maris
1462 1363 1605 1405 senior
1634 1362 1815 1418 fingitur

344 1439 370 1464 a
402 1421 560 1464 canitie
592 1421 811 1464 fluctuum.

285 1481 497 1524 Gratiae
534 1481 637 1523 deae
670 1484 787 1536 sunt,
825 1483 1017 1536 grates,
1056 1496 1164 1536 quae
1203 1484 1401 1537 aguntur.
1456 1481 1531 1524 sed
1567 1484 1716 1524 tamen
1752 1481 1814 1524 in-

345 1541 529 1583 discrete
561 1540 749 1595 ponitur.

287 1600 482 1643 Globus
534 1599 693 1641 dicitur
742 1613 898 1654 genere
946 1600 1183 1642 masculino
1233 1600 1416 1655 lunaris,
1472 1603 1521 1642 ut
1581 1600 1814 1656 Virgilius:

347 1660 660 1714 ‘lucentemque
699 1659 878 1714 globum
915 1658 1070 1702 lunae'.
1121 1659 1299 1714 globum
1339 1663 1484 1701 autem
1515 1662 1560 1702 et
1590 1660 1815 1715 glombum

347 1722 390 1761 et
422 1719 617 1774 glomera
647 1720 801 1761 neutro
834 1732 990 1774 genere
1021 1733 1155 1773 pensa
1185 1719 1425 1761 mulierum.

288 1778 467 1833 Gibbi‚
499 1778 735 1834 gibberosi.

288 1837 705 1893 Gurgustiolum,
733 1839 905 1879 antrum
937 1840 1098 1879 secrete
1130 1837 1374 1893 angustum.

290 1897 592 1951 Gnarorum‚
626 1897 699 1952 qui
729 1896 931 1951 peritiam
961 1898 1125 1952 primae
1157 1897 1356 1939 ueritatis
1388 1896 1622 1939 insinuant.

289 1956 508 1999 Garrire
541 1958 616 1998 aut
646 1955 785 1998 multa
815 1956 948 1999 uerba
980 1959 1056 1999 aut
1087 1956 1255 1998 sordide
1275 1956 1420 2012 oloqui.

385 2090 406 2121 2
434 2085 654 2120 Foederales
678 2095 699 2119 v
728 2084 887 2130 Papias:
914 2085 1079 2120 Foedera
1107 2085 1177 2120 Pm
1273 2089 1294 2120 3
1319 2085 1476 2120 redeant
1503 2084 1553 2120 P:
1579 2084 1737 2120 ueniunt
1761 2084 1795 2120 G

290 2138 312 2168 4
338 2133 546 2169 Fatisceret
564 2132 643 2167 Hv:
669 2132 857 2167 Fatiscere
879 2132 978 2178 Cam,
1004 2133 1217 2168 Fatesceret
1235 2132 1272 2167 R
1367 2135 1388 2167 8
1414 2132 1453 2167 id
1478 2134 1537 2168 est
1560 2138 1642 2168 nos':
1669 2133 1707 2168 et
1731 2132 1819 2168 libri

293 2185 337 2216 14
368 2181 475 2216 ulnas
515 2180 644 2225 Virqil.
677 2180 768 2215 Aen.
797 2184 931 2224 6‚416.:
970 2180 1089 2215 oliuas
1116 2180 1204 2215 libri
1372 2184 1416 2215 17
1449 2181 1487 2215 et
1521 2179 1682 2215 Glaucus
1713 2179 1748 2215 G

293 2232 336 2264 18
363 2228 527 2263 canitate
555 2227 586 2262 0
687 2231 730 2262 19
756 2227 908 2272 Gratiae
934 2227 1025 2263 deae
1050 2228 1198 2272 scripsi:
1225 2227 1357 2263 Grates
1383 2227 1478 2263 duae
1504 2227 1591 2262 libri
1615 2227 1725 2271 (duae
1750 2238 1816 2263 om.
1886 2215 1896 2232 ¹

291 2276 340 2320 R)
364 2278 368 2320 Ι
391 2276 516 2321 grates
541 2285 623 2309 nos:
662 2274 806 2320 gratiae
833 2275 920 2310 libri
1081 2278 1125 2309 22
1151 2276 1190 2310 et
1220 2274 1385 2320 glomum
1415 2275 1466 2310 P:
1499 2285 1565 2310 om.
1591 2274 1635 2310 G.
1661 2274 1746 2318 fort.
1781 2275 1820 2310 et

292 2324 438 2370 glomus
535 2325 581 2356 24
601 2321 791 2367 gibberosi
810 2333 905 2357 aner:
931 2322 1120 2368 gibbiores
1142 2321 1180 2356 P
1279 2326 1324 2358 26
1344 2322 1552 2358 Gnarorum
1570 2333 1633 2358 va:
1653 2321 1817 2358 Guorum

292 2370 381 2415 HR,
407 2369 521 2405 Gnari
548 2369 578 2403 C
604 2369 747 2414 Papias
843 2373 886 2405 27
914 2369 1026 2404 autG
1052 2370 1164 2406 Isia:
1191 2370 1317 2405 autem
1345 2369 1382 2404 P
1401 2372 1405 2413 Ι
1424 2371 1494 2405 aut
1519 2369 1553 2404 G
1579 2370 1663 2404 Isid
1683 2384 1691 2404 :
1717 2371 1756 2406 et
1783 2369 1820 2403 P

391 2422 408 2452 1
447 2416 613 2463 ferrugo]
652 2418 698 2461 cf.
737 2416 840 2453 Seru.
873 2418 965 2453 Aen.
997 2421 1111 2462 9,582.
1158 2417 1285 2462 Geory.
1320 2421 1434 2462 1‚466.
1478 2417 1572 2452 Isia.
1607 2421 1756 2461 19,28,5.

293 2469 313 2501 2
340 2463 562 2510 foederales]
596 2464 699 2499 Sera.
725 2465 817 2499 Aen.
845 2468 936 2508 1,62.
979 2464 1124 2500 Foedus
1150 2465 1277 2500 autem
1301 2463 1443 2500 dietum
1467 2464 1528 2500 uel
1553 2475 1576 2499 a
1599 2463 1820 2500 foecialibus

292 2513 332 2548 id
363 2513 421 2548 est
451 2510 707 2547 sacerdotibus
740 2511 821 2558 [qui
853 2512 942 2547 olim
973 2511 1137 2547 foedales
1171 2513 1292 2558 (immo
1315 2511 1534 2555 foederales)
1570 2511 1818 2558 dicebanturJ,

293 2571 359 2605 per
384 2570 477 2605 quos
503 2559 596 2594 fiunt
619 2558 771 2594 foedera
795 2562 856 2594 etc.
978 2563 1001 2594 4
1025 2559 1231 2606 fatisceret]
1258 2559 1305 2603 cf.
1330 2559 1433 2594 Seru.
1459 2559 1551 2594 Aen.
1579 2562 1694 2604 1,123.
1719 2559 1817 2594 Non.

294 2611 434 2652 307,10.
581 2610 599 2641 7
636 2606 914 2651 festinissimus]
959 2617 1035 2642 που.
1073 2606 1230 2642 festinus
1269 2606 1408 2651 passim
1449 2617 1508 2651 ap.
1556 2606 1748 2643 Plautum.

297 2658 338 2689 12
371 2653 543 2701 glaucus]
577 2654 622 2697 cf.
655 2654 744 2689 Gell.
779 2657 930 2699 2,26,17.
970 2655 1013 2690 de
1043 2653 1184 2690 Glauco
1215 2653 1284 2689 deo
1314 2665 1351 2690 u.
1383 2653 1486 2689 Seru.
1518 2653 1610 2693 Aen.
1643 2656 1759 2699 5,823.

295 2706 339 2737 19
365 2701 526 2747 gratiae]
547 2702 673 2746 grates
693 2712 752 2746 ap.
776 2701 903 2736 Plaut.
927 2701 1038 2737 Poen.
1059 2704 1150 2746 1,1,5
1171 2703 1234 2736 etc.
1254 2700 1395 2736 Charis.
1420 2701 1437 2735 Ι
1456 2705 1572 2746 328,4.
1599 2701 1648 2736 K.
1675 2695 1819 2744 Grates,

295 2760 387 2794 quas
407 2748 554 2794 agimus
575 2748 622 2783 ob
641 2748 786 2793 merita,
812 2748 964 2784 Gratiae
984 2749 1086 2784 deae.
1183 2752 1226 2783 21
1253 2748 1403 2795 globus]
1432 2748 1559 2784 Plaut.
1589 2748 1700 2784 Poen.
1725 2751 1819 2793 2‚35.

303 2796 404 2841 Viry.
430 2796 521 2831 Aen.
554 2799 670 2840 6,725.
699 2795 819 2831 Prisc.
844 2796 1018 2840 V,170,2.
1044 2796 1094 2830 K.
1127 2795 1287 2839 Globus,
1312 2795 1411 2842 quod
1437 2796 1552 2831 etiam
1577 2796 1646 2831 hoc
1670 2795 1818 2841 glomus

296 2843 433 2879 dieitur
458 2843 644 2888 glomeris.
766 2847 810 2878 25
837 2842 1126 2890 gurgustiolum]
1152 2843 1197 2886 cfi
1225 2842 1469 2889 Gurgustium
1494 2854 1553 2888 ap.
1579 2842 1678 2878 Fest.
1707 2842 1817 2878 Paul.

295 2895 388 2974 3953.
532 2894 576 2925 27
604 2890 762 2937 garrire]
789 2907 834 2920 =
861 2891 954 2927 Isia.
981 2891 1029 2926 D.
1063 2890 1105 2926 V.
1137 2893 1216 2926 267.
1260 2891 1306 2934 cf.
1335 2890 1463 2926 Plaut.
1489 2890 1576 2926 Aul.
1601 2893 1729 2935 5‚1‚21.
1755 2892 1818 2927 etc.

325 2938 394 2974 Yon.
424 2941 537 2982 117,1.
