1898 3294
98 992 115 1019 ὃ

84 1291 117 1316 10

134 646 316 691 Glossae
357 646 630 691 LVCTATII
670 646 905 691 PLACIDI
945 646 1323 691 GRAMMATICI
1364 647 1426 691 IN
1461 647 1675 691 PLAVTI

729 719 1081 763 COMOEDIAS.

628 827 772 871 Primo
796 842 874 883 per
904 829 947 870 A
979 829 1171 871 litteram.

134 922 357 966 Alumna
388 923 443 966 ab
476 922 631 966 alendo
663 923 792 966 dicta.
840 938 941 966 nam
973 926 1010 966 et
1047 937 1157 979 quae
1189 922 1269 965 alit
1306 924 1350 965 et
1387 937 1497 979 quae
1529 922 1675 978 alitur,

195 982 371 1025 alumna
407 982 491 1025 dici
529 986 691 1039 potest,
735 982 779 1025 id
817 986 884 1026 est
923 983 1105 1036 [nutrix]
1151 985 1195 1025 et
1239 997 1348 1039 quae
1392 982 1585 1025 nutritur
1630 985 1675 1024 et

192 1055 297 1096 quae
327 1042 479 1085 nutrit.
529 1042 603 1085 sed
635 1042 790 1084 melius
821 1045 987 1099 tamen,
1018 1057 1128 1099 quae
1159 1042 1363 1086 nutritur.

135 1100 299 1144 Abuti
332 1104 376 1144 et
407 1102 515 1144 bene
548 1102 612 1145 uti
644 1105 712 1144 est
743 1105 788 1144 et
818 1102 932 1145 male
963 1102 1040 1146 uti.

134 1160 372 1204 Abnuere
411 1165 479 1204 est
520 1176 738 1217 recusare,
782 1162 1010 1218 abnegare.
1077 1162 1146 1205 cui
1184 1162 1451 1205 contrarium
1489 1164 1556 1204 est
1594 1161 1675 1204 ad-

193 1235 366 1276 nuere,
397 1221 441 1264 id
473 1224 540 1264 est
571 1222 673 1265 dare
706 1221 775 1264 uel
808 1222 1054 1265 concedere.

137 1278 379 1323 Adsciuit
410 1281 533 1337 sibi,
565 1281 762 1324 adiunxit
794 1281 879 1324 sibi
912 1282 1120 1337 alienum,
1151 1281 1265 1338 quod
1297 1296 1385 1324 non
1417 1280 1585 1324 habuit.

135 1339 468 1383 Altrinsecus
501 1356 588 1384 non
620 1340 694 1383 ‘ex
726 1338 853 1396 alto⁸‚
885 1341 960 1384 sed
993 1341 1066 1384 ‘ex
1100 1341 1239 1384 altera
1270 1340 1428 1397 parte’.

134 1398 364 1443 Abactus
397 1403 493 1456 est,
531 1401 582 1443 de
616 1400 757 1443 medio
790 1401 989 1444 sublatus
1025 1404 1092 1443 est
1126 1404 1170 1444 et
1195 1404 1365 1457 raptus,
1403 1400 1514 1443 unde
1540 1400 1675 1444 latro-

193 1473 269 1502 nes
303 1459 570 1503 ‘abactores'
602 1461 814 1503 dicuntur.
1080 1494 1090 1497 -

135 1517 399 1562 Adhaesio
432 1519 541 1562 bene
573 1520 730 1563 dicitur
762 1520 815 1563 ab
849 1534 918 1572 e0,
951 1520 1065 1576 quod
1098 1523 1165 1563 est
1196 1521 1388 1564 haerere.

20 1628 27 1638 ·
100 1578 410 1635 ⁵Aedituus,
457 1580 531 1636 qui
576 1580 694 1622 aedis
734 1582 801 1622 est
845 1582 1010 1636 custos,
1054 1583 1099 1623 et
1137 1581 1367 1623 scribimus
1410 1594 1506 1624 cum
1551 1580 1674 1637 diph-

18 1910 25 1915 „
84 1886 118 1911 21)

194 1638 374 1695 thongo.
424 1639 727 1682 editissima
759 1654 862 1683 uero
894 1640 991 1683 loca
1022 1639 1395 1696 monophthonga.

136 1697 417 1742 Alterutra
446 1714 586 1755 pars,
617 1703 800 1755 utraque
830 1715 946 1755 pars.

136 1756 333 1801 Aethra
369 1759 540 1815 generis
577 1759 794 1814 feminini,
832 1762 876 1801 et
907 1762 974 1802 est
1005 1758 1145 1815 locus,
1183 1759 1229 1802 in
1266 1774 1351 1816 quo
1385 1760 1529 1803 sidera
1562 1762 1679 1816 sunt,

195 1817 306 1860 unde
344 1817 560 1862 ‘aetheria
590 1818 754 1862 sidera'
790 1818 986 1861 dicimus.
1054 1822 1244 1862 ceterum
1283 1819 1463 1862 aether
1501 1820 1672 1876 generis

196 1877 427 1921 masculini
472 1893 604 1934 supra
642 1878 786 1921 caelos
825 1881 893 1922 est
930 1879 1084 1934 igneae
1123 1879 1445 1936 inuisibilisque
1482 1882 1676 1932 naturae,

197 1950 325 1993 quem
357 1937 531 1994 quidam
563 1938 690 1981 deum
715 1951 922 1994 magnum
953 1938 1025 1981 uel
1058 1939 1149 1982 eius
1181 1953 1364 1995 regnum
1396 1939 1557 1983 dicunt.

234 2083 250 2113 1
281 2078 444 2115 Luctatii
461 2079 506 2115 C:
527 2090 583 2115 om
603 2079 681 2116 HR
711 2082 716 2124 1
750 2079 789 2115 in
808 2079 935 2116 Plauti
956 2079 1144 2116 comedias
1167 2081 1214 2117 0:
1235 2091 1302 2116 om..
1322 2080 1400 2117 HR
1508 2085 1529 2115 3
1556 2080 1678 2127 primo
1705 2086 1709 2090 '

136 2124 191 2161 R:
217 2137 284 2162 om.
313 2126 389 2161 GH
481 2131 503 2162 4
527 2127 690 2163 Alumna
713 2127 837 2163 nutrix
863 2128 896 2162 G
925 2130 930 2172 Ι
959 2128 1015 2171 et,
1046 2128 1129 2163 item
1155 2132 1233 2164 ταῦ.
1260 2139 1356 2173 quae
1381 2129 1609 2173 reposuimus
1633 2139 1678 2163 ew

138 2173 234 2209 Iaid.
257 2177 312 2218 10,
327 2176 359 2210 3.
458 2179 479 2210 5
504 2174 628 2211 nutrix
656 2175 694 2209 P
721 2185 788 2210 nos
818 2175 1034 2211 inclusimus
1058 2176 1104 2219 ef.
1133 2175 1227 2211 Isid.
1254 2176 1276 2211 l.
1303 2186 1332 2211 e.
1408 2179 1453 2211 10
1477 2174 1624 2211 Asciuit
1649 2175 1680 2210 C

187 2225 230 2257 12
251 2222 309 2257 est
326 2223 365 2258 et
383 2222 439 2258 H:
460 2223 517 2258 est
534 2222 587 2267 R,
608 2223 646 2258 et
666 2222 700 2258 G
774 2225 818 2258 15
844 2222 1042 2259 Aeditiuus
1060 2223 1118 2266 H,
1138 2222 1346 2259 Aeditubus
1366 2223 1387 2257 b
1410 2224 1415 2268 Ι
1437 2223 1528 2269 quia
1541 2223 1676 2259 aedisb

187 2273 231 2305 16
257 2269 339 2305 loca
363 2271 536 2306 montosa
561 2269 592 2305 0
688 2274 731 2307 18
757 2270 900 2306 Aethra
925 2270 1008 2306 GR:
1035 2270 1200 2307 Aethera
1224 2271 1310 2306 HG.
1337 2281 1412 2306 nnn
1437 2271 1528 2306 satis
1555 2272 1678 2316 liquet,

137 2320 262 2352 utrum
276 2317 455 2353 Placidus
465 2318 597 2354 aethra
608 2318 795 2364 scripserit
808 2330 859 2354 an
879 2318 1042 2361 aethera.
1065 2318 1070 2365 Ι
1093 2320 1132 2354 et
1150 2318 1225 2365 est]
1244 2320 1303 2354 est
1315 2319 1356 2354 11
1442 2322 1486 2355 19
1513 2320 1677 2355 ceterum

140 2364 295 2400 aethera
320 2365 395 2400 CH
493 2370 534 2401 21
565 2377 741 2412 magnum
768 2366 879 2402 deum
904 2367 972 2402 aut
996 2366 1031 2401 G

234 2416 257 2447 4
276 2411 442 2458 alumna]
459 2429 504 2443 =
519 2414 615 2449 Isid.
637 2417 727 2458 10‚3.
755 2414 801 2457 cf.
822 2414 925 2450 Seru.
946 2414 1038 2450 Aen.
1059 2417 1140 2458 4,7·2
1166 2417 1199 2449 et
1220 2418 1334 2459 11,33.
1361 2414 1459 2450 Non.
1476 2426 1515 2460 p.
1536 2418 1677 2458 24330.

141 2459 259 2505 Caper
278 2470 319 2505 p.
345 2464 510 2506 2250‚28.
538 2461 583 2497 P.
658 2465 677 2497 7
705 2461 826 2508 abuti]
855 2461 982 2498 Plaut.
1012 2461 1124 2497 Pom.
1145 2466 1273 2507 5‚4,27.
1300 2465 1362 2498 etc.
1451 2466 1473 2498 8
1499 2462 1677 2507 abnuere]

142 2506 503 2544 Plaut.Truc.Prol.
531 2513 563 2544 4.
597 2508 702 2554 Capt.
729 2512 858 2554 3,1‚21.
982 2514 1023 2544 11
1051 2509 1287 2555 altrinsecus]
1314 2509 1588 2546 Plaut.Psead.
1611 2514 1678 2554 1‚3,

143 2557 222 2590 123.
247 2558 375 2599 3,2,72.
401 2559 434 2591 et
459 2557 566 2594 alias.
666 2560 708 2592 12
741 2556 897 2592 abactus
923 2557 981 2592 est
1023 2568 1058 2592 u.
1092 2557 1288 2593 abactores
1319 2558 1505 2603 explicant
1534 2558 1680 2593 Paulus

142 2600 240 2638 Sent.
274 2606 401 2646 5‚18‚1.
445 2603 550 2640 Seru.
584 2603 714 2650 Geory.
747 2608 864 2649 3‚407.
911 2604 972 2640 Isi
999 2633 1006 2641 .
1041 2608 1133 2650 10,4.
1246 2607 1288 2640 15
1320 2604 1509 2652 aedituus]
1551 2605 1678 2640 Plane.

143 2649 248 2684 Cure.
283 2653 408 2694 1‚3,48.
454 2651 501 2695 cf.
540 2651 681 2688 Charis.
716 2651 941 2697 p.75‚18.K.
987 2651 1094 2688 Varr.
1131 2651 1330 2697 L.L.7‚12.
1372 2655 1405 2688 et
1436 2657 1530 2697 8,61.
1578 2652 1678 2688 Fest.

145 2696 254 2732 Paul.
277 2700 368 2740 13‚e.
401 2696 491 2734 Gall.
514 2703 665 2743 12,10,1.
749 2703 792 2735 18
812 2699 960 2746 aethra]
982 2700 1076 2735 Isid.
1099 2703 1227 2743 13‚5‚1.
1260 2700 1400 2736 Aether
1419 2700 1482 2745 (al.
1502 2700 1680 2743 Aethera)

142 2743 245 2779 locus
265 2745 337 2789 est,
363 2744 401 2779 in
420 2756 494 2790 quo
512 2746 635 2783 sidera
653 2749 756 2793 sunt,
782 2749 821 2783 et
839 2746 1028 2794 significat
1047 2758 1132 2783 eum
1151 2747 1295 2793 ignem,
1315 2747 1379 2794 qui
1398 2758 1421 2783 a
1438 2748 1520 2783 toto
1540 2747 1680 2783 mundo

142 2790 181 2826 in
206 2791 325 2827 altum
351 2794 552 2837 separatus·
570 2796 638 2831 est.
677 2805 766 2830 sane
791 2794 922 2831 aether
941 2795 999 2830 est
1022 2793 1144 2840 ipsum
1170 2794 1414 2831 elementum:
1440 2796 1572 2830 aethra
1591 2805 1679 2830 uero

143 2838 320 2885 splendor
344 2839 522 2885 aetheris,
548 2842 587 2877 et
610 2842 670 2878 est
692 2853 813 2878 sermo
839 2852 1003 2887 graecus.
1048 2842 1215 2887 Apparet
1245 2853 1290 2878 ecc
1323 2842 1475 2878 Placidi
1504 2843 1679 2887 interpre-

143 2886 297 2931 tatione,
330 2887 520 2923 Isidorum
549 2899 613 2925 uu.
656 2890 788 2925 aethra
817 2893 850 2925 et
875 2889 1006 2926 aether
1035 2890 1129 2925 vitale
1158 2890 1376 2934 confudisse.
1421 2890 1467 2934 ef.
1490 2893 1678 2935 praeterea

144 2933 348 2971 Seru.Aen.
376 2938 493 2978 3,585.
538 2935 809 2974 [sianum.
848 2937 961 2982 Apul.
993 2937 1037 2972 de
1065 2938 1203 2973 mwndo
1230 2942 1261 2973 1.

215 3002 346 3028 Luctum
366 3003 480 3029 Placidi
501 3004 685 3035 grammatici
706 3004 828 3036 glossae.
1376 3001 1391 3031 l
