1898 3294
862 186 1148 228 —52-

242 293 386 335 Licet
418 292 669 335 aduerbium
700 291 993 347 permittentis
1026 306 1119 333 esse
1150 291 1423 346 intelligitur.

243 348 427 394 Libare
465 354 532 394 est
568 352 723 393 leuiter
761 351 925 406 aliquid
963 351 1230 406 contingere,
1268 355 1316 393 ut
1354 352 1390 392 si
1428 351 1523 407 quis
1555 352 1768 395 inuitatus

302 411 356 453 ad
387 411 632 453 conuiuium
664 410 733 452 uel
764 414 915 473 potum
946 410 1226 466 perexiguum
1259 410 1459 465 quiddam
1491 411 1542 453 de
1575 421 1675 454 esca·
1702 412 1771 454 uel

304 470 480 524 potione
513 472 667 512 sumat.

207 540 224 565 ῦ
245 529 278 570 Ι
265 542 437 584 longe,
468 529 611 583 ualde,
642 529 713 570 uel
744 529 944 584 nimium,
977 529 1097 571 satis.

192 837 224 861 10

244 588 412 643 Litua,
438 593 562 643 uirga
592 588 771 630 incurua
801 588 1052 643 pastoralis,
1090 588 1259 642 generis
1292 588 1501 630 feminini.

243 647 477 702 Lembus,
508 648 632 689 nauis
664 647 822 689 breuis.

243 707 487 749 Lucinam
513 706 588 748 alii
614 705 839 761 Iunonem,
859 706 935 748 alii
956 706 1141 749 Dianam
1167 706 1325 761 dicunt,
1357 722 1465 762 quae
1497 706 1765 762 parientibus

362 769 544 820 praeest.

244 825 443 880 Limbo,
474 840 675 880 purpura.

245 884 383 939 Lynx
422 897 556 939 genus
594 883 710 926 ferae
750 884 936 938 agrestis
975 884 1138 940 uariae,
1176 884 1330 926 similis
1363 884 1580 939 leopardo,
1612 884 1770 927 Libero

303 944 418 998 patri
450 945 679 986 sacratum.

244 1003 520 1045 Liberauit
551 1002 602 1044 de
634 1003 869 1058 praeterito
902 1017 978 1058 per
1010 1018 1054 1058 u,
1087 1003 1346 1045 liberabit
1377 1003 1427 1045 de
1459 1003 1605 1046 futuro
1636 1018 1714 1059 per
1745 1003 1772 1044 b

305 1062 520 1104 scribitur.

210 1132 226 1157 5
247 1121 280 1163 L
291 1121 440 1176 ymph
453 1122 528 1163 ari
573 1123 640 1163 est
682 1120 884 1163 bacchari
926 1123 969 1163 et
1005 1121 1118 1163 furia
1159 1121 1343 1177 quadam
1383 1125 1457 1165 aut
1494 1121 1806 1176 daemonibus*

305 1181 534 1236 impletum
553 1180 688 1222 rotari
707 1179 791 1222 huc
812 1182 940 1235 atque
959 1180 1065 1222 illuc
1095 1183 1140 1223 et
1170 1181 1420 1236 discurrere,
1451 1181 1563 1223 sicut
1594 1181 1776 1236 lympha

305 1240 350 1284 id
383 1242 450 1282 est
482 1254 594 1294 aqua
626 1239 755 1291 [sicut
787 1241 915 1294 aqua]
948 1239 1031 1281 huc
1064 1243 1193 1295 atque
1225 1240 1328 1282 illuc
1359 1241 1545 1283 diriuata
1576 1243 1650 1282 aut
1679 1240 1776 1282 fusa

306 1299 520 1414 Ξῗῗέἓζξῗ
524 1298 1038 1413 ..fissffimqssss‘iffiba‘ffiss
1072 1299 1242 1413 ἓᾷἷῖἒὲἰ
1289 1300 1580 1355 ¹ymp¹¹²²¹⁵¹⁰⁰⁸
1621 1299 1776 1355 Spiritu

193 1430 208 1454 2
246 1417 488 1460 Libentia
517 1431 676 1459 nomen
706 1417 854 1459 fictum
887 1417 940 1459 ab
974 1431 1044 1485 00,
1075 1418 1188 1473 quod
1219 1418 1375 1460 dicitur
1407 1383 1558 1460 ε1110019.

245 1476 552 1532 Lampenae,
584 1476 734 1518 stellae
767 1477 978 1532 quaedam
1010 1477 1071 1519 sic
1104 1477 1256 1520 dictae.

247 1536 595 1591 Liniamenta‚
634 1535 931 1578 extremitates
973 1550 1218 1591 corporum,
1263 1539 1312 1578 ut
1350 1539 1473 1591 puta,
1517 1536 1592 1578 ubi
1623 1535 1773 1578 finitur

305 1596 482 1638 tendens
502 1595 701 1637 deorsum
716 1594 921 1637 auricula.
952 1595 1063 1637 unde
1082 1596 1282 1663 pictores
1283 1595 1539 1638 liniamenta
1553 1595 1774 1650 appellant

306 1655 624 1710 designationes
662 1654 932 1710 singulorum
969 1655 1200 1697 locorum
1188 1670 1234 1697 1n
1270 1655 1459 1709 imagine
1497 1655 1565 1719 uel
1598 1655 1774 1710 impres-

306 1714 466 1769 siones,
498 1729 605 1769 quas
636 1716 790 1769 postea
820 1714 1038 1756 coloribus
1070 1713 1362 1756 manifestant.

247 1773 428 1829 Lacus,
484 1773 746 1829 exceptoria,
800 1773 845 1815 in
895 1788 1004 1828 quae
1055 1789 1166 1829 aqua
1208 1773 1408 1816 decurrit.
1483 1775 1526 1815 et
1575 1772 1777 1815 scribitur

308 1848 394 1875 una
417 1847 450 1875 0.

342 2036 362 2067 2
388 2031 524 2067 leniter
548 2032 593 2066 H
685 2036 705 2067 3
732 2030 910 2086 quiddam
936 2030 986 2066 G:
1013 2031 1202 2076 quoddam
1230 2031 1266 2065 P
1361 2035 1381 2066 5
1407 2032 1534 2077 Longe
1560 2031 1610 2066 G.
1636 2042 1710 2066 non
1740 2030 1777 2064 P

251 2079 255 2126 Ι
283 2079 480 2115 manifeste
506 2081 572 2115 aut
596 2079 705 2114 ualde
732 2079 766 2114 G
787 2081 792 2124 Ι
813 2078 989 2114 nimirum
1018 2079 1105 2115 talis
1130 2079 1175 2114 H
1315 2084 1335 2115 6
1361 2079 1474 2114 Litua
1501 2078 1551 2114 Ρ·
1584 2077 1695 2113 Lituo
1719 2089 1740 2112 v
1768 2077 1772 2123 Ι

248 2125 431 2172 pastorali
455 2126 500 2160 H
663 2131 683 2162 8
709 2126 867 2162 Dianam
902 2126 952 2161 P:
983 2125 1108 2162 ianam
1138 2138 1213 2169 vm,
1243 2127 1371 2162 lunam
1404 2126 1548 2171 Papias
1570 2125 1775 2171 {partubus

252 2174 396 2219 Papias
419 2185 440 2208 v
454 2185 500 2209 m.
519 2177 557 2210 2.
654 2178 675 2208 9
701 2173 842 2219 praesit
866 2174 911 2208 H
1016 2178 1060 2209 10
1085 2173 1218 2210 Limbo
1245 2174 1295 2209 G.
1321 2173 1453 2210 Limuo
1482 2173 1519 2207 P
1613 2175 1657 2207 18
1682 2172 1775 2218 lym·

248 2221 420 2267 phaticos
445 2221 498 2256 R:
524 2221 757 2266 lymphatico
783 2234 810 2255 ω
908 2224 953 2255 20
978 2221 1136 2256 libentia
1158 2233 1198 2257 v:
1225 2221 1399 2257 Liuentia
1425 2220 1506 2265 CR,
1532 2219 1710 2255 Liueneia
1735 2219 1776 2254 Η

253 2269 256 2315 J
284 2269 412 2304 fictum
436 2268 514 2303 Hv:
539 2268 680 2304 factum
707 2267 772 2303 C'R
793 2270 798 2313 Ι
820 2267 914 2303 liuet
940 2268 978 2302 P
1070 2272 1113 2303 21
1141 2269 1324 2314 quaedam
1335 2279 1417 2304 nos·
1444 2278 1538 2313 quae
1559 2266 1598 2312 G,
1623 2266 1774 2312 quidem

248 2327 306 2359 v‚a
330 2326 397 2351 om.
423 2315 460 2350 R
532 2319 578 2350 24
603 2316 770 2351 locorum
795 2315 891 2350 HR.
924 2326 991 2351 om.
1020 2315 1083 2351 C'G
1156 2320 1201 2351 26
1227 2315 1442 2362 exceptoria
1465 2315 1599 2360 scripsi
1624 2315 1684 2358 (cf.
1709 2325 1771 2358 ap.

253 2362 429 2408 Papiam:
449 2362 732 2409 Exceptorium,
752 2362 1022 2407 collectorium,
1043 2363 1178 2408 lacus).
1203 2363 1412 2409 exceptorie
1432 2362 1518 2408 HG,
1538 2361 1774 2407 exceptiones

250 2410 286 2446 R
308 2413 313 2456 Ι
336 2421 430 2455 quae
456 2410 511 2446 H:
538 2421 629 2455 quas
655 2410 702 2453 R,
727 2421 802 2456 qua
824 2421 845 2445 v
943 2414 986 2446 27
1014 2421 1097 2446 cum
1122 2422 1197 2447 uno
1221 2422 1241 2446 0
1259 2422 1281 2446 v

346 2509 366 2540 2
393 2505 527 2552 libare]
555 2505 919 2549 Sera.Aen.1‚.256
946 2509 1039 2550 5,.92
1172 2509 1193 2540 5
1219 2505 1281 2541 1011
1283 2505 1345 2551 ge]
1375 2504 1503 2540 Plaut.
1531 2504 1644 2539 Most.
1670 2506 1775 2548 3„.38

250 2552 348 2588 Non.
375 2556 490 2596 339,.9
534 2552 661 2598 Longe
686 2553 746 2588 est
769 2552 891 2588 ualde.
925 2553 971 2596 cf.
998 2552 1101 2588 Seru.
1127 2552 1219 2588 Aen.
1235 2556 1324 2596 1,13.
1353 2551 1493 2587 Charis.
1513 2551 1546 2586 II
1565 2554 1705 2596 203,17.
1724 2551 1775 2586 K.

250 2601 376 2645 Longe
400 2611 468 2646 pro
492 2599 709 2645 praecipue,
734 2599 906 2635 maxime.
1022 2604 1042 2635 6
1067 2599 1187 2646 litua]
1205 2600 1251 2643 cf.
1277 2600 1338 2635 lib.
1362 2609 1489 2645 synon.
1517 2599 1607 2643 (cod.
1633 2579 1655 2633 l’.
1680 2608 1775 2633 mon.

253 2649 399 2693 14252);
425 2647 557 2683 Lituus
582 2648 640 2682 est
664 2647 838 2682 baculum
863 2658 1033 2691 curuum,
1059 2658 1132 2692 quo
1151 2657 1308 2692 augures
1333 2647 1489 2700 utuntur
1512 2646 1574 2681 uel
1597 2645 1776 2692 pastores.

255 2699 298 2730 10
330 2694 462 2740 limbo]
488 2694 587 2730 Non.
626 2698 692 2729 541
698 2698 766 2740 ,25.
814 2693 985 2749 Limbus,
1016 2695 1059 2729 ut
1089 2694 1308 2730 adnotatum
1339 2693 1563 2738 inuenimus,
1594 2692 1776 2728 muliebre

252 2741 535 2786 uestimentum,
570 2741 670 2787 quod
706 2752 907 2787 purpuram
949 2741 989 2777 in
1025 2740 1100 2777 imo
1138 2741 1263 2777 habet.
1319 2742 1365 2785 cf.
1398 2740 1498 2776 ΒΜ
1535 2741 1626 2775 Aen.
1658 2743 1774 2783 2,616

253 2793 370 2834 4‚137.
396 2789 492 2824 Isid.
520 2793 563 2824 19
567 2793 634 2834 ‚33,
638 2793 669 2825 7.
696 2789 771 2833 (lib.
796 2789 900 2834 9.loss
927 2788 1077 2833 Limbo,
1103 2789 1236 2833 clauo).
1374 2791 1419 2823 20
1444 2787 1617 2834 libentia]
1646 2786 1772 2822 Plaut.

253 2837 366 2873 Stich.
392 2840 496 2881 2,1,3.
524 2817 596 2870 OP
612 2846 652 2881 p.
679 2839 759 2871 327.
790 2835 980 2880 Libenfia,
1007 2816 1166 2872 libitum.
1197 2836 1285 2872 ibid.
1309 2847 1347 2882 p.
1373 2839 1460 2870 314:
1486 2835 1596 2870 Libet
1618 2833 1774 2869 uerbum

253 2883 492 2920 defectiuum.
523 2883 610 2918 inde
636 2911 643 2918 .
667 2910 674 2918 .
695 2911 702 2918 .
734 2883 827 2918 haec
851 2883 1017 2921 libentia.
1179 2887 1225 2919 26
1250 2883 1370 2930 lacus]
1414 2882 1520 2918 Varr.
1540 2882 1584 2917 L.
1604 2881 1647 2916 L.
1682 2884 1774 2926 5,26.

254 2932 357 2967 Seru.
384 2931 474 2967 Aen.
501 2934 592 2977 8,·74.
619 2929 747 2975 Geory.
767 2934 884 2976 4,363.
