1898 3294
865 188 919 192 --
985 174 1063 204 XVI
1138 187 1179 191 --

260 285 311 312 ex
352 271 443 312 eius
482 270 605 310 libris
644 268 774 310 ‘dubii
809 267 1021 310 sermonis'
1054 268 1235 322 petitam
1268 282 1360 310 esse
1393 272 1516 322 puto,
1555 269 1786 324 inquibus

261 341 392 383 etiam
431 341 481 381 de
525 340 636 380 raris
681 339 904 381 uocabulis
948 339 1216 399 disputatum
1254 342 1348 381 erat
1384 338 1442 394 (u.
1479 338 1656 382 Teuffel.
1693 339 1723 382 l.
1753 354 1788 383 c.

262 411 361 465 294,
382 411 420 452 2.
441 408 513 465 4.),
547 408 727 452 Cornuti
758 412 902 452 autem
934 423 985 451 ex
1017 410 1337 452 commentariis
1369 409 1638 465 Virgilianis,
1670 424 1789 465 prae·
1865 443 1868 446 -

260 481 411 523 sertim
457 495 553 523 cum
596 480 642 522 in
678 479 800 535 Virg.
840 479 996 535 Georg.
1034 481 1074 535 3,
1099 481 1169 522 43.
1210 480 1460 534 ‘inyluuie‘m'
1499 481 1649 523 eodem
1686 495 1787 523 casu

261 552 452 606 positum
489 551 733 606 reperiatur
770 550 828 606 (u.
860 549 1125 606 Gell.9,10,
1146 551 1184 593 5.
1218 549 1386 593 Charis.
1417 551 1438 593 I
1475 551 1657 606 125,16.
1693 551 1789 606 127,

266 623 331 663 10.
358 623 410 664 Κ.
436 622 611 664 Teuffel.
637 622 736 676 282,
757 619 826 678 2.).
858 637 995 677 neque
1020 625 1168 664 tamen
1199 622 1452 664 crediderim
1477 622 1701 665 Placidum
1732 621 1787 664 ab

260 693 355 748 ipso
370 693 514 735 Plinio
535 692 603 734 uel
620 690 810 734 Cornuto
826 693 925 734 illas
947 692 1254 747 explicationes
1275 693 1463 747 petiisse,
1483 693 1557 735 sed
1575 693 1663 735 iam
1677 692 1788 748 apud

260 763 601 819 glossographos
623 763 780 805 allatas
802 763 1131 818 deprehendisse
1152 766 1279 818 atque
1299 763 1400 805 hinc
1418 765 1665 805 mutuatum
1683 776 1788 805 esse.

379 833 472 876 Iam
493 848 595 876 uero
622 834 906 876 Kettnerus
938 822 1204 888 obseruauit‚
1236 833 1431 876 Suetonii
1464 847 1631 888 quoque
1663 835 1789 888 prata

260 904 460 946 Luctatio
493 907 537 946 et
567 919 636 946 res
668 907 712 946 et
743 904 877 946 uerba
908 905 1205 959 suppeditasse
1238 903 1509 960 (ZurKritik
1541 905 1621 946 etc.
1639 918 1681 958 p.
1703 901 1789 960 14).

261 975 302 1016 id
349 975 534 1016 maxime
578 975 742 1017 factum
787 978 870 1030 est,
914 976 989 1017 ubi
1031 990 1118 1017 non
1161 975 1304 1030 prisca
1341 976 1491 1029 uerba,
1535 975 1608 1016 sed
1645 988 1789 1016 rerum

260 1045 473 1088 uocabula
494 1045 786 1100 originatione
807 1046 990 1088 obscura
1009 1049 1084 1088 aut
1104 1046 1322 1101 explicatu
1348 1045 1544 1088 difficilia
1575 1059 1788 1100 exponun—

262 1119 353 1170 tur,
385 1119 433 1157 ut
463 1116 594 1158 noctis
616 1120 778 1170 partes,
809 1117 981 1158 nomina
1010 1117 1230 1168 mensium,
1260 1119 1444 1167 senatus,
1475 1117 1609 1167 clima,
1640 1116 1789 1158 lacteus

259 1186 447 1237 circulus,
467 1187 657 1238 cimiculi,
676 1187 910 1239 differentia
940 1187 1047 1229 inter
1076 1187 1269 1229 iuuentus
1299 1187 1488 1229 iuuentas
1517 1188 1688 1230 iuuenta
1706 1189 1787 1228 etc.

261 1256 325 1299 ac‘
342 1258 471 1299 noetis
492 1258 685 1310 partium
718 1257 890 1312 quidem
922 1257 1323 1312 interpretationes,
1362 1257 1511 1312 quales
1543 1257 1657 1315 apud
1686 1256 1788 1299 Isid.

260 1328 313 1370 N.
344 1328 394 1379 R.
433 1329 471 1383 2,
505 1329 543 1371 2.
587 1328 809 1384 leguntur,
847 1343 898 1371 ex
945 1327 1141 1370 Suetonii
1183 1331 1309 1383 prato
1353 1328 1404 1370 de
1446 1330 1604 1370 natura
1644 1341 1789 1370 rerum

261 1402 457 1454 sumptas
478 1414 570 1441 esse
599 1401 642 1441 et
673 1398 933 1441 Gustauus
964 1398 1223 1441 Beckerus
1255 1398 1463 1441 iudicauit
1488 1401 1532 1441 et
1562 1397 1787 1440 Reiffer-

261 1470 521 1512 scheidius
561 1485 761 1512 assensus
803 1473 869 1512 est
899 1467 958 1525 (n.
989 1469 1172 1512 Beckeri
1203 1470 1335 1525 praef.
1367 1470 1421 1512 ad
1451 1469 1549 1511 Isid.
1580 1467 1634 1511 N.
1664 1467 1716 1510 R.
1746 1483 1787 1523 p.

259 1539 408 1594 ΧΧΙΙ.,
439 1539 691 1583 Reiffersch.
723 1544 886 1596 quaest.
919 1539 1094 1583 Sueton.
1125 1556 1164 1596 p.
1195 1539 1326 1598 429).
1358 1540 1479 1596 atqui
1510 1539 1709 1582 Placidus
1741 1539 1787 1581 in

260 1626 407 1653 carum
446 1611 718 1653 enarratione
757 1611 810 1653 ad
846 1611 1028 1653 uerbum
1064 1627 1199 1666 paene
1237 1612 1438 1667 congruit
1475 1626 1571 1653 cum
1609 1610 1786 1664 Isidoro,

259 1682 345 1724 nisi
371 1682 485 1737 quod
504 1681 576 1723 hic
594 1677 686 1724 uoc.
718 1681 985 1725 ‘concubium'
1011 1683 1160 1725 omisit
1191 1686 1235 1724 et
1266 1680 1521 1725 ‘diluculum'
1554 1697 1578 1724 a
1608 1681 1786 1724 Placido

259 1753 509 1808 crepusculo
542 1753 758 1795 matutino
797 1753 1095 1808 praepositum
1134 1753 1173 1795 ei
1205 1753 1463 1808 postposuit.
1512 1753 1657 1807 itaque
1689 1766 1785 1794 cum

260 1824 305 1865 in
336 1823 529 1866 omnium
559 1822 649 1865 fere
686 1837 829 1865 rerum
867 1838 1076 1866 consensu
1107 1824 1214 1866 haec
1245 1824 1462 1878 differant,
1499 1822 1785 1865 Kettnerus

259 1894 464 1950 consequi
484 1893 605 1948 dixit,
636 1894 719 1936 hoc
737 1894 831 1936 loco
851 1893 1066 1937 Isidorum
1085 1909 1183 1949 non,
1216 1895 1328 1950 quod
1348 1895 1455 1936 alias
1476 1906 1784 1948 saepenumero

259 1965 379 2019 fecit,
417 1980 442 2007 a
472 1964 668 2019 Placido,
714 1965 786 2007 sed
836 1967 1065 2020 utrumque
1110 1981 1135 2007 a
1179 1964 1384 2008 Suetonio
1429 1979 1496 2007 res
1541 1966 1785 2006 mutuatum

258 2050 364 2078 esse.
397 2038 573 2091 poterat
605 2034 772 2089 addere,
804 2050 830 2077 a
859 2035 1060 2078 Luctatio
1093 2039 1189 2079 octo
1222 2037 1360 2079 noctis
1392 2034 1551 2091 partes
1575 2035 1698 2090 poni,
1730 2034 1784 2077 ab

258 2107 426 2149 Isidoro
447 2109 613 2161 septem
639 2109 786 2160 aperte
807 2108 851 2147 et
870 2106 1051 2148 dilucide
1072 2108 1324 2149 enumerari.
1366 2107 1491 2149 nobis
1523 2106 1657 2161 igitur
1687 2119 1783 2160 pro-

257 2178 404 2220 babile
424 2177 595 2219 uidetur
627 2191 733 2230 esse,
765 2191 861 2218 cum
883 2176 1128 2219 Suetonius.
1146 2181 1311 2233 septem
1341 2178 1482 2220 noctis
1514 2191 1606 2219 esse
1637 2178 1783 2231 partes

258 2249 350 2304 ipse
394 2247 619 2290 statuisset
663 2250 707 2288 et
749 2247 800 2289 de
845 2247 1029 2290 aliorum
1073 2248 1300 2291 sententiis
1342 2248 1463 2290 uaria
1499 2247 1785 2300 disseruisset,

258 2319 472 2361 Isidorum
522 2332 747 2360 numerum
797 2316 1107 2360 Suetonianum
1151 2319 1516 2374 transscripsisse‚
1565 2317 1783 2360 Placidum

258 2392 403 2432 autem
422 2388 569 2443 paucis
590 2388 848 2443 quibusdam
867 2390 994 2431 rebus
1027 2390 1207 2432 mutatis
1239 2405 1290 2433 ex
1322 2390 1468 2445 aliquo
1488 2388 1784 2445 grammatico,

259 2475 387 2516 quem
432 2458 662 2502 Suetonius
707 2460 927 2515 attulerat,
971 2459 1237 2503 ‘concubium'
1280 2461 1504 2503 addidisse.
1553 2459 1783 2502 dolendum

259 2532 326 2572 est
355 2529 518 2572 Placidi
556 2530 751 2585 glossam
787 2531 839 2573 de
878 2531 1019 2573 noctis
1050 2532 1248 2586 partibus
1280 2532 1564 2587 compositam
1594 2531 1638 2572 in
1669 2530 1783 2572 libro

260 2601 506 2656 glossarum
525 2615 612 2643 non
632 2604 813 2656 exstare,
842 2602 1099 2656 praesertim
1119 2617 1215 2644 cum
1235 2603 1280 2644 in
1298 2602 1464 2644 Placidi
1494 2602 1620 2644 libris
1652 2600 1784 2656 expli-

260 2672 451 2714 cationes
465 2672 774 2714 uocabulorum
794 2671 1059 2715 ‘concubium’
1074 2672 1340 2728 ‘intempesta'
1362 2672 1618 2716 ‘dilucidum'
1636 2672 1780 2714 nescio

260 2757 343 2797 quo
382 2757 483 2784 casu
521 2743 768 2785 exciderint.
817 2746 1008 2786 ceterum
1049 2759 1137 2786 non
1180 2745 1471 2787 dubitauimus
1516 2759 1567 2786 ex
1614 2742 1779 2785 Isidoro

260 2813 527 2866 ‘intempesta’
562 2814 775 2869 supplere,
808 2814 921 2869 quod
941 2830 973 2856 s.
993 2830 1031 2856 u.
1053 2814 1308 2858 ‘diluculum'
1340 2816 1432 2858 fieri
1463 2830 1551 2858 non
1580 2815 1781 2868 oportere

260 2883 469 2926 Kettnero
527 2884 852 2939 adstipulamur.
926 2900 1021 2927 cum
1077 2886 1191 2928 enim
1247 2889 1426 2942 uterque
1475 2885 1536 2928 sic
1584 2882 1780 2926 definiat:
