1898 3294
126 298 340 344 Habena
371 298 414 343 id
445 302 512 342 est
544 299 685 342 lorum
717 314 793 355 per
824 299 871 355 b,
902 313 1063 343 auena
1094 298 1231 342 herba
1263 313 1338 355 pm·
1370 314 1409 342 u.

53 358 62 366 ⁸
126 358 480 416 Honoripetae
513 362 626 414 sunt,
656 359 728 415 qui
761 358 947 402 honores
979 362 1145 414 petunt,
1178 362 1227 401 ut
1257 359 1439 401 dicimus
1467 358 1664 403 heredi·

183 422 351 476 petas,
383 419 457 477 qui
490 418 774 462 hereditatem
806 421 972 474 petunt.

124 477 310 523 Hiulca
335 482 438 522 sunt
457 492 565 535 quae
585 477 850 534 aperiuntur,
881 478 935 520 ab
969 477 1129 521 hiando
1161 476 1288 520 dicta.
1328 477 1512 521 hiatus
1545 478 1659 521 enim

88 549 106 576 ὁ
185 538 352 595 apertio
385 541 464 592 est,
495 540 543 580 ut
574 540 675 580 sunt
705 537 842 579 rimae
875 537 920 579 in
946 537 1076 592 uasis,
1109 536 1216 579 sulci
1249 537 1294 579 in
1324 540 1454 592 terra,
1493 537 1663 593 quando

183 598 352 641 aestiuo
383 596 567 640 candore
599 596 794 652 finditur,
827 599 903 639 aut
935 597 972 639 si
1004 611 1135 640 ouum
1167 596 1211 638 in
1243 598 1391 652 partes
1423 598 1605 652 aperias

124 655 417 713 Holitores,
448 655 645 699 holerum
676 655 966 699 distractores.

123 715 292 759 Horus
324 719 403 773 est,
429 730 557 773 quem
575 716 735 772 pagani
755 716 868 759 inter
889 730 1011 759 sacra
1031 715 1220 758 siderum
1241 716 1402 759 colunt.
1434 715 1663 760 Hosirim

184 790 286 819 nero
318 790 398 832 pro
420 774 521 819 Sole
554 775 786 831 accipiunt.
836 775 968 818 simili
1001 775 1128 818 modo
1161 776 1294 818 etiam
1315 775 1482 818 Horum
1517 775 1663 819 Solem

75 846 110 873 1⁰
188 835 342 878 uolunt
371 835 442 879 uel
474 835 616 878 Eoum
649 835 740 878 siue
772 850 954 878 aurorae
986 835 1125 878 deum.

124 893 530 951 Haesculapins,
563 894 810 951 Asclepius,
843 894 1080 938 medicinae
1114 895 1328 938 inuentor.

123 953 318 1011 Hilum‚
344 955 588 1011 quicquam.

78 1060 81 1061 ⁷
123 1013 381 1070 Hemdem,
413 1028 560 1071 aeque,
593 1014 805 1058 similiter.

123 1073 461 1130 Habitudine,
492 1073 658 1117 habitu.
1510 1121 1513 1123 ,

70 1132 394 1190 15Hasenam‚
431 1134 657 1189 harenam,
693 1136 742 1176 ut
786 1134 938 1177 hasas
977 1149 1082 1191 quas
1122 1150 1199 1177 nos
1238 1135 1380 1190 ‘aras',
1425 1138 1468 1177 et
1508 1136 1660 1190 lases,

182 1208 290 1251 quos
322 1208 401 1237 nos
434 1192 579 1237 ‘lares'
611 1194 804 1236 dicimus.

121 1252 298 1309 Hiare,
330 1253 510 1310 aperire.

122 1312 360 1367 Hinnire,
393 1312 588 1356 stridere.

121 1371 429 1416 Hariolatus
462 1375 560 1428 est,
591 1372 823 1428 diuinauit‚
854 1373 1130 1417 coniectauit.

67 1443 103 1469 2⁰
121 1431 459 1489 †H.astinate‚
491 1447 598 1476 caua
627 1432 808 1476 festuca.
1107 1445 1111 1450 ·

120 1490 358 1549 Hispido,
390 1492 519 1548 truci,
550 1492 740 1536 horrido.

218 1625 234 1656 1
268 1632 388 1658 auena
422 1621 456 1657 G
483 1622 576 1658 Isid.
604 1622 627 1658 l.
653 1633 700 1658 c.:
726 1622 875 1659 hauena
904 1623 942 1658 P
960 1625 966 1669 Ι
987 1623 1027 1659 id
1053 1626 1110 1660 est
1135 1623 1252 1660 herba
1275 1635 1343 1670 per
1368 1636 1391 1659 u
1417 1624 1592 1661 scribitur
1627 1625 1661 1660 G

95 1711 97 1713 ¹
120 1671 142 1703 2
167 1667 420 1716 Honoripetae
447 1669 515 1705 Cv:
550 1669 798 1716 Honoripetes
824 1670 902 1706 HR
930 1673 936 1717 Ι
966 1670 1203 1718 heredipetas
1230 1671 1324 1707 HR:
1356 1672 1594 1718 heredipetes
1621 1674 1660 1718 O,

121 1716 338 1763 heredipetae
365 1716 399 1752 G
495 1721 518 1753 4
543 1717 684 1753 Hiusca
710 1717 741 1753 C
835 1722 856 1754 5
883 1719 979 1755 sulci
998 1719 1051 1754 G:
1077 1719 1156 1755 fula
1179 1719 1216 1754 P
1311 1723 1331 1754 6
1357 1720 1503 1756 aestiuo
1528 1732 1568 1756 r:
1597 1732 1661 1756 aer

120 1775 186 1800 suo
214 1764 261 1811 P,
285 1763 368 1811 agri
394 1764 482 1801 solis
502 1776 532 1810 p
558 1765 677 1810 (Mai)
795 1769 814 1801 7
841 1766 1030 1803 Holitores
1057 1766 1233 1802 dicuntur
1259 1766 1292 1801 G
1400 1771 1420 1803 8
1450 1768 1570 1804 Horus
1594 1780 1661 1814 ψ.-

119 1811 245 1848 Heous
271 1811 318 1856 0,
343 1812 463 1849 Houis
488 1812 583 1858 HR,
615 1812 734 1850 Horos
760 1825 816 1849 mr
843 1815 855 1859 Ι,
878 1814 1042 1851 siderum
1071 1814 1205 1860 Ppmr:
1238 1814 1345 1850 isidis
1371 1817 1411 1851 et
1435 1815 1542 1851 osiris
1567 1827 1588 1851 v

120 1862 142 1895 9
168 1859 301 1896 horum
327 1860 378 1896 G:
404 1860 540 1896 heoum
567 1860 607 1907 C,
633 1861 789 1897 heorum
815 1861 866 1906 H,
891 1873 1001 1898 eoum
1026 1862 1063 1898 R
1211 1867 1254 1899 10
1280 1862 1341 1898 uel
1367 1862 1485 1898 Eoum
1510 1864 1660 1909 scripsi:

120 1918 248 1943 earum
275 1907 314 1953 0,
340 1919 466 1944 rarum
490 1908 599 1951 Hmr,
625 1907 695 1950 ἕως
719 1908 767 1955 R,
800 1909 862 1945 uel
886 1910 1082 1946 horrorum
1107 1921 1128 1946 v
1252 1914 1290 1945 11
1322 1910 1593 1957 Hoesculapius
1620 1912 1660 1959 (³,

119 1954 367 2002 Hesculapius
393 1955 482 2000 HR,
508 1955 755 2002 Hescolapius
780 1958 839 1992 uel
863 1957 1131 2004 Haescolapius
1156 1958 1191 1993 G
1301 1962 1344 1993 13
1370 1957 1554 1994 Hemdem
1579 1959 1660 1997 Rr:

119 2002 310 2039 Hemdem
334 2003 387 2046 H,
411 2003 582 2040 Hendem
607 2015 663 2040 mr
774 2008 818 2040 15
843 2005 1030 2041 Hasenam
1057 2005 1138 2040 CG:
1164 2017 1231 2041 om.
1259 2005 1336 2041 HR
1359 2007 1363 2050 Ι
1385 2005 1564 2042 harenam
1591 2017 1659 2045 om.

121 2050 177 2097 01
198 2050 311 2087 hasas
338 2050 432 2087 HR:
457 2051 525 2087 has
550 2062 632 2087 asas
652 2051 692 2096 0,
717 2062 800 2088 asas
824 2063 845 2087 v
864 2052 1008 2098 Papias
1029 2055 1034 2097 ξ
1057 2064 1150 2098 quas
1176 2053 1238 2089 Hv
1257 2053 1416 2098 Papias:
1443 2064 1510 2089 om.
1539 2054 1630 2099 &Rp
1654 2059 1656 2099 j

121 2100 160 2134 et
185 2098 280 2134 lases
306 2098 409 2144 HRp
432 2098 592 2144 Papias:
625 2099 746 2135 laseos
773 2099 812 2144 C,
838 2101 877 2136 et
900 2099 1000 2136 lasas
1025 2111 1046 2136 v
1146 2105 1187 2136 17
1214 2100 1359 2147 aperire
1384 2101 1446 2137 uel
1471 2101 1598 2138 uidere
1625 2102 1659 2136 G

120 2149 166 2182 20
191 2145 389 2182 Hastinate
420 2146 524 2182 GRv:
562 2146 762 2183 Hastinare
800 2148 855 2193 H,
894 2147 1092 2184 Hastinata
1125 2148 1197 2183 ΟΡ
1220 2160 1261 2194 p.
1297 2152 1378 2184 274.
1405 2152 1438 2184 et
1462 2153 1543 2185 277.
1568 2150 1654 2194 fort.

120 2193 280 2230 Hastula
297 2195 356 2230 est
377 2196 382 2238 Ι
405 2204 499 2230 caua
517 2194 661 2230 festuca
681 2194 767 2230 OP:
788 2206 882 2231 caua
900 2196 1004 2232 staca
1020 2196 1064 2240 Ρ,
1085 2195 1286 2232 cadastuca
1303 2207 1325 2232 v

218 2245 236 2277 1
263 2241 427 2288 habena]
456 2242 550 2278 Isid.
570 2242 619 2279 D.
647 2242 688 2278 V.
709 2246 765 2279 46.
805 2243 937 2279 Auena
961 2255 1028 2289 per
1051 2255 1076 2279 u
1101 2243 1249 2280 literam
1275 2243 1392 2279 herba
1417 2245 1484 2289 est,
1511 2245 1660 2281 habena

70 2331 73 2334 ,
120 2299 188 2335 per
210 2289 235 2324 b
260 2287 410 2326 literam
436 2289 557 2326 lorum
576 2290 642 2326 est.
683 2291 729 2334 cf.
753 2290 872 2327 Prisc.
897 2290 1034 2328 Partit.
1055 2295 1195 2334 490‚14.
1221 2291 1270 2326 Κ.
1305 2291 1473 2337 Aeyroec.
1500 2293 1544 2328 de
1567 2293 1658 2328 arth.

120 2339 284 2380 2269,32.
314 2336 358 2374 P.
482 2340 501 2373 7
522 2337 718 2386 holitores]
749 2338 876 2374 Plaut.
907 2338 1010 2374 Trin.
1038 2343 1142 2383 2,4,7.
1171 2339 1243 2374 ΟΡ
1259 2351 1300 2384 p.
1326 2343 1407 2376 276.
1457 2340 1658 2385 Holitores‚

120 2383 290 2420 holerum
317 2384 490 2421 cultores.
535 2385 649 2421 class.
676 2386 786 2422 Λυσι.
811 2386 865 2422 ed.
894 2386 982 2422 Mai
1007 2390 1123 2431 6,526.
1167 2386 1336 2431 Holitor‚
1362 2387 1591 2424 hortulanus.

120 2435 142 2467 8
166 2431 296 2478 horus]
322 2432 368 2476 cf.
397 2433 564 2469 Macrob.
585 2432 665 2469 Sat.
693 2436 843 2479 1‚21,11.
948 2438 991 2469 12
1018 2434 1154 2482 hilum]
1182 2435 1227 2479 cf.
1262 2434 1369 2470 Varr.
1396 2435 1441 2470 L.
1468 2436 1512 2471 L.
1539 2440 1656 2479 5‚111.

120 2482 213 2522 9,54.
247 2482 360 2523 1o,81.
393 2479 491 2516 Non.
527 2484 641 2526 121,2.
671 2480 789 2518 Prisc.
815 2481 866 2517 VI
899 2485 1016 2524 215,6.
1043 2482 1109 2520 K(
1266 2487 1306 2518 13
1332 2482 1522 2530 hemdem]
1557 2483 1656 2522 Fest.

123 2525 238 2571 Paua
261 2531 378 2572 76,12.
403 2527 534 2564 Emem
561 2530 641 2573 (scr.
668 2528 856 2573 Emdem),
889 2528 1058 2566 eundem.
1091 2530 1142 2566 id.
1165 2533 1256 2573 77,9.
1295 2529 1365 2565 Em
1390 2541 1458 2576 pro
1485 2541 1582 2576 eum,
1608 2532 1656 2567 ab

122 2584 166 2609 eo
191 2573 292 2619 quod
316 2575 374 2611 est
397 2575 439 2613 is.
594 2579 637 2611 14
662 2575 900 2623 habitudine]
926 2576 1026 2613 Fest.
1056 2577 1166 2613 Paul.
1196 2581 1333 2622 101,17.
1361 2578 1474 2623 Apul.
1503 2579 1655 2615 Metam.

121 2624 214 2665 9‚59.
355 2626 398 2658 15
424 2623 617 2670 hasenam]
652 2623 760 2661 Varr.
786 2624 830 2661 L.
857 2624 902 2661 L.
929 2627 1020 2668 7,27.
1059 2635 1212 2668 asenam
1238 2636 1401 2662 arenam.
1436 2625 1511 2661 Vel.
1538 2625 1655 2672 Louy.

121 2671 286 2713 2238,44.
311 2668 356 2704 P.
382 2670 512 2716 Itaque
525 2670 703 2707 harenam
723 2670 856 2708 iustius
876 2671 958 2718 quis
979 2672 1127 2717 dixerit,
1153 2673 1331 2718 quoniam
1355 2672 1456 2719 apud
1482 2673 1656 2719 antiquos

124 2714 283 2752 ‘fasena'
318 2718 409 2753 erat.
442 2718 492 2754 ad
520 2718 631 2754 hasas
662 2720 708 2763 cf.
741 2729 825 2755 asas
856 2731 916 2765 ap.
953 2719 1032 2756 Ter.
1066 2720 1197 2756 Scaur.
1224 2732 1266 2766 p.
1293 2723 1457 2763 2252,16.
1485 2721 1535 2756 ad
1559 2721 1657 2757 lases

123 2763 251 2810 Quint.
280 2767 406 2808 1,4,13.
447 2765 555 2802 Varr.
581 2766 626 2803 L.
651 2766 695 2802 L.
723 2770 792 2810 6‚2.
819 2766 917 2803 Fest.
948 2767 1058 2803 Paul.
1085 2771 1201 2812 264,6.
1228 2768 1359 2804 Scaur.
1386 2770 1408 2804 l.
1436 2778 1464 2803 c,
1492 2768 1656 2806 Corssm.

121 2811 277 2857 Ausspr.
304 2814 367 2847 etc.
393 2812 410 2847 I
430 2823 472 2858 p.
498 2817 556 2850 85.
652 2817 699 2850 20
724 2813 928 2861 hastinate]
951 2814 1023 2849 ΟΡ
1040 2826 1080 2860 p.
1106 2818 1188 2852 274.
1213 2815 1428 2858 Hastinata,
1454 2826 1509 2862 ae,
1535 2815 1574 2851 id
1599 2818 1656 2852 est

121 2869 216 2894 caua
240 2858 391 2895 festuca.
407 2860 507 2896 ibid.
528 2871 568 2906 p.
594 2864 676 2896 277.
707 2861 920 2907 Hastinata,
945 2872 1064 2908 parua
1081 2873 1176 2899 caua
1200 2862 1353 2901 festuca.
1386 2864 1431 2907 cf.
1457 2863 1563 2907 91032.
1591 2864 1656 2899 lat.

120 2916 174 2951 qr.
200 2905 359 2942 Hastina
383 2906 604 2953 (Bastula‘e),
631 2904 742 2953 δόρυ,
767 2905 959 2946 ἀκόντιον.
1099 2913 1141 2945 21
1170 2909 1331 2956 hispido]
1358 2911 1405 2955 cf.
1431 2908 1535 2946 Seru.
1562 2910 1654 2947 Aen.

122 2956 260 2998 10,210.

1320 3017 1370 3053 4*
