1898 3294
981 374 1053 416 VI.

305 476 406 516 Qua
436 475 612 512 ratione
643 475 855 512 Placidus
889 476 938 512 in
969 475 1129 521 glossis
1161 476 1499 514 conscribendis
1522 487 1636 515 usus
1666 479 1735 523 sit.

375 574 592 630 Antiquos
613 577 925 631 glossematum
946 577 1178 632 scriptores
1204 590 1363 632 magna
1383 593 1433 619 ex
1462 581 1586 634 parte
1606 579 1783 622 Placido

258 648 300 687 et
338 661 407 687 res
446 649 490 688 et
526 647 660 689 uerba
697 648 994 702 suppeditasse
1034 648 1173 690 uideri
1210 663 1340 702 supra
1379 649 1784 693 demonstrauimus.

257 731 384 771 quem
421 732 559 772 pauca
595 732 779 760 nouasse
818 733 869 760 ex
907 733 957 760 eo
996 718 1208 774 sequitur,
1253 718 1366 773 quod
1402 719 1516 762 idem
1554 720 1600 763 in
1638 720 1782 764 Statio

257 788 584 830 commentando
630 789 822 843 integras
868 804 993 844 saepe
1042 789 1243 844 periodos
1288 804 1338 830 ex
1388 789 1486 832 aliis
1536 792 1784 835 auctoribus

256 859 553 914 transscripsit
590 858 662 915 (cf.
697 859 816 911 futile
853 875 919 914 ap.
956 859 1075 902 Luct.
1113 860 1231 902 Plac.
1269 860 1409 902 Theb.
1448 861 1486 916 8,
1511 862 1611 904 298.
1642 865 1687 904 et
1717 876 1784 918 ap.

259 927 376 971 Seru.
409 928 515 971 Aen.
539 931 605 984 11,
627 929 759 986 339.),
791 930 989 985 quodque
1021 931 1106 972 loci
1139 945 1160 972 e
1183 929 1388 973 Suetonio
1420 931 1678 988 deprompti,
1710 933 1785 989 qui

255 999 432 1042 Placido
472 1015 568 1042 cum
605 1000 773 1043 Isidoro
811 1001 883 1042 uel
914 1016 1009 1043 eum
1044 1001 1143 1043 aliis
1176 1016 1423 1044 communes
1455 1005 1571 1058 sunt,
1608 1003 1786 1058 paulum

256 1071 310 1112 ab
331 1070 399 1112 his
420 1071 634 1113 differunt.
674 1071 940 1126 glossemata
959 1072 1169 1128 quaedam
1200 1088 1250 1115 ex
1283 1073 1417 1116 uariis
1448 1074 1574 1116 libris
1607 1073 1786 1117 confusa.

256 1141 474 1197 uidentur,
518 1143 639 1184 uelut
676 1157 726 1184 ea
763 1158 872 1197 quae
917 1159 948 1185 s.
987 1159 1027 1186 u.
1070 1144 1242 1198 ayoniae
1284 1144 1526 1199 composita
1568 1145 1786 1200 leguntur.

255 1213 406 1254 deinde
437 1213 640 1255 Placidus
662 1227 757 1255 cum
777 1214 827 1255 de
847 1215 1030 1269 paganis
1062 1215 1271 1270 loquitur,
1302 1215 1385 1257 hoc
1415 1215 1674 1258 uocabulum
1703 1230 1784 1270 pro
1808 1202 1813 1207 ⁸

254 1284 502 1326 nominibus
548 1287 774 1326 auctorum
817 1286 1068 1340 quorumuis
1113 1285 1360 1341 gentilium,
1406 1300 1513 1341 quae
1562 1286 1609 1328 in
1657 1286 1783 1328 libris

254 1356 490 1409 inuenerat,
508 1355 679 1398 uidetur
698 1356 906 1410 posuisse.
938 1357 1049 1411 quod
1068 1357 1174 1398 item
1194 1372 1219 1398 a
1239 1356 1388 1399 Seruio
1408 1357 1603 1399 uidemus
1621 1357 1784 1399 factum

256 1441 366 1480 esse,
411 1426 483 1481 qui
529 1426 666 1468 ‘aiunt
705 1426 802 1468 alii’
839 1427 910 1469 uel
949 1427 1042 1470 ‘alii
1071 1427 1244 1481 putant'
1285 1428 1447 1470 similia
1484 1427 1676 1482 scripsit,
1707 1427 1784 1470 ubi

256 1511 352 1539 eum
392 1499 615 1539 auctorum
653 1498 831 1539 nomina
869 1499 1158 1554 suppressisse
1197 1513 1220 1540 e
1251 1498 1474 1541 Macrobio
1507 1498 1660 1540 aliisue
1690 1513 1785 1553 per-

256 1568 446 1622 spicitur.
485 1568 733 1611 Luctatium
753 1572 898 1611 autem
919 1584 1014 1611 cum
1034 1569 1261 1624 diligentia
1281 1584 1329 1611 ac
1347 1569 1571 1611 literarum
1603 1569 1786 1611 scientia

256 1653 344 1680 non
375 1639 439 1680 ita
469 1653 630 1694 magna
648 1654 739 1681 rem
772 1655 891 1682 suam
921 1641 1075 1695 egisse,
1106 1640 1234 1682 multi
1265 1640 1350 1682 loci
1382 1642 1640 1694 argumento
1673 1641 1785 1682 sunt.

256 1710 318 1751 sic
348 1710 554 1765 legimus:
588 1710 807 1765 ‘Indiyes
837 1711 988 1753 dicitur
1018 1711 1252 1770 hemitheus,
1282 1714 1330 1752 ut
1358 1724 1487 1764 supra
1516 1711 1671 1752 dictum
1700 1708 1786 1764 est’,

257 1795 519 1836 quamquam
550 1796 765 1836 nusquam
797 1782 905 1824 alias
944 1781 1185 1836 indigetum
1216 1782 1379 1823 mentio
1411 1781 1530 1823 facta
1560 1783 1638 1822 est.
1686 1779 1785 1822 inde

261 1852 456 1906 sequitur
475 1851 700 1894 Placidum
720 1852 800 1894 illa
817 1852 953 1894 uerba
974 1867 1024 1893 ex
1057 1855 1230 1894 auctore
1262 1867 1339 1894 suo
1370 1852 1542 1906 integra
1574 1851 1789 1905 asciuisse,

255 1922 341 1964 nisi
371 1922 485 1964 forte
518 1923 708 1978 aliquam
741 1923 933 1978 glossam
964 1923 1015 1964 de
1046 1922 1311 1978 indigetibus
1343 1922 1550 1977 scriptam
1580 1921 1788 1963 excidisse

258 1994 534 2035 statuendum
566 1996 643 2036 est.
686 2009 823 2049 neque
857 1994 1009 2035 adduci
1038 2008 1234 2049 possum,
1266 1994 1311 2035 in
1341 1996 1538 2035 ueterum
1568 1992 1693 2034 libris
1725 1993 1790 2034 ita

258 2065 469 2119 scriptum
482 2064 634 2107 fuisse:
657 2064 934 2122 ‘Assiduos,
957 2065 1088 2118 capite
1107 2078 1255 2119 censos,
1273 2065 1345 2118 qui
1363 2063 1470 2106 nihil
1487 2064 1586 2106 dare
1597 2064 1791 2116 poterant

255 2136 340 2178 nisi
376 2135 563 2190 prolem',
607 2150 703 2178 cum
745 2150 893 2178 omnes
941 2135 1074 2177 ceteri
1123 2136 1355 2190 scriptores
1406 2133 1568 2176 assidui
1616 2132 1788 2174 nomine

260 2207 521 2261 locupletem
553 2207 911 2262 significauerint,
949 2207 1023 2248 sed
1053 2207 1199 2261 potius
1231 2199 1537 2260 suspicandum
1568 2205 1653 2258 est,
1691 2216 1789 2244 cum

256 2278 301 2319 in
332 2277 457 2319 libris
485 2278 717 2321 discrimen
735 2278 848 2319 inter
880 2277 1075 2319 assiduos
1108 2279 1151 2319 et
1183 2277 1323 2332 capite
1356 2291 1507 2319 censos
1540 2274 1784 2329 expositum

257 2352 388 2400 esset,
420 2348 669 2390 Luctatium
699 2363 767 2390 res
800 2348 1132 2390 commiscuisse.

374 2419 458 2462 Pro
497 2419 638 2462 ‘idace'
682 2420 916 2461 Kettnerus
954 2419 1146 2461 restituit
1182 2418 1318 2461 ‘antid
1393 2416 1418 2472 ',
1461 2413 1703 2459 ‘caculabor'
1735 2415 1780 2455 et

259 2489 423 2543 ‘forbia’
455 2505 534 2532 nos
568 2491 820 2546 scripsimus
846 2505 925 2546 pro
947 2489 1187 2532 ‘iaculabor’
1220 2493 1263 2532 et
1295 2487 1451 2531 ε0νόἱαῖ
1491 2501 1598 2542 quae
1630 2485 1785 2527 menda

257 2562 342 2616 ipsi
367 2561 543 2603 Placido
575 2562 807 2603 tribuenda
837 2576 1001 2615 censeo,
1034 2561 1146 2616 quod
1178 2560 1387 2602 uocabula
1416 2560 1539 2612 mace,
1565 2555 1785 2610 iaculabor,

258 2633 374 2674 orbia
406 2632 475 2674 his
506 2633 667 2687 literis,
707 2648 731 2673 a
764 2633 919 2687 quibus
950 2632 1063 2674 falso
1095 2631 1325 2685 incipiunt,
1356 2630 1403 2671 in
1433 2629 1627 2683 utrisque
1659 2626 1784 2669 libris

258 2704 423 2745 inserta
456 2707 567 2744 sunt.
605 2703 693 2745 iam
725 2717 830 2758 quae
863 2704 977 2744 idem
996 2703 1160 2757 posuit:
1194 2701 1481 2755 ‘Palpitans
1512 2703 1570 2741 est
1598 2699 1670 2751 qui
1694 2697 1784 2738 amt-

258 2789 370 2815 mam
410 2774 548 2816 trahit.
597 2788 698 2815 nam
726 2774 967 2828 palpitrcms
1003 2787 1088 2815 non
1123 2776 1179 2814 est
1218 2767 1410 2822 latinum,
1434 2773 1568 2824 potest
1582 2762 1729 2810 'tamen
1758 2781 1786 2808 a

251 2846 464 2898 palpebris
493 2843 661 2899 uenire',
692 2845 756 2886 ita
786 2845 859 2886 uix
891 2846 1073 2898 possunt
1103 2842 1306 2897 intelligi.
1357 2841 1587 2884 coniecerit
1618 2838 1787 2893 aliquis,

260 2915 314 2957 ab
360 2930 409 2956 eo
456 2917 648 2969 auctore,
693 2929 817 2969 quem
863 2915 1096 2969 explicauit
1133 2913 1353 2968 Placidus,
1404 2911 1611 2975 scriptum
1653 2908 1786 2950 fuisse
