1898 3294
258 289 397 346 Anus
429 292 689 344 aestuosa,
721 289 834 344 quod
865 289 910 331 in
942 289 1114 333 modum
1147 291 1385 333 aestuantis
1417 291 1547 333 maris
1579 291 1784 347 hauserit,

316 348 359 389 id
392 352 458 390 est
490 349 661 390 biberit

257 406 614 463 Altriplicem‚
645 407 877 463 duplicem,
908 408 1116 450 dolosum.

257 465 588 521 Ambronem,
631 466 826 522 perditae
867 467 1178 523 improbitatis,
1218 483 1243 509 a
1274 470 1402 522 gente
1435 467 1681 524 Gallorum,
1712 469 1786 524 qui

205 831 238 856 10

205 1128 238 1152 15

318 540 414 567 cum
446 524 634 568 Cimbris
668 525 961 582 Teutonisque
993 530 1244 582 grassantes
1275 527 1452 581 periere.

258 582 510 639 Amussis‚
540 585 692 640 regula
710 586 781 627 uel
801 586 962 640 tabula,
995 585 1148 641 quibus
1168 589 1348 628 utuntur
1374 586 1560 629 artifices
1586 586 1639 629 ad
1670 601 1784 630 saxa.

315 644 427 685 unde
460 644 712 686 aduerbium
745 645 929 686 diximus
962 644 1267 687 eexamus'sim'.

258 701 511 769 Agoniae‚
542 704 744 746 uictimae
766 704 834 745 uel
855 704 1035 746 hostiae.
1073 703 1218 746 hostia
1249 706 1393 746 autem
1425 704 1577 760 minor,
1607 705 1786 748 uictima

316 762 471 813 maior,
504 763 606 817 quia
637 762 724 805 icta
755 763 870 805 cadit
900 763 970 804 uel
1003 763 1104 818 quia
1134 763 1283 805 uincta
1314 763 1368 805 ad
1399 777 1495 805 aras
1519 764 1786 818 perducitur.

316 795 484 863 hostiae
505 824 650 864 autem
670 837 804 877 aeque
836 822 890 864 ab
922 822 1187 865 hostimento
1218 822 1262 863 id
1295 825 1360 863 est
1392 825 1688 878 aequamento,
1717 823 1787 865 uel

317 880 429 935 quod
467 881 641 923 deorum
680 884 845 923 mentes
884 881 1166 923 aestimentur
1202 881 1397 936 iniquae,
1438 881 1607 924 hostiae
1646 881 1786 924 dictae

317 940 371 981 ab
410 954 459 981 eo
467 974 478 995 ,
518 941 630 995 quod
666 955 743 995 per
789 941 887 982 illas
932 941 1171 983 sacerdotes
1215 940 1361 983 futura
1403 941 1616 984 nuntient.
1676 941 1786 984 unde

319 999 450 1056 etiam
483 1000 649 1055 antiqui
668 1000 920 1055 peregrinos
953 1002 996 1042 et
1026 1000 1121 1055 pari
1147 1000 1238 1042 iure
1270 1000 1464 1042 uiuentes
1496 1000 1643 1043 hostes
1674 999 1784 1043 dice-

315 1058 440 1113 bant,
473 1061 518 1100 at
550 1074 640 1114 eos,
673 1074 780 1114 quos
811 1074 925 1101 nunc
955 1059 1122 1114 hostes,
1154 1059 1316 1101 duelles
1350 1059 1640 1114 appellabant.
1699 1058 1786 1102 Ho-

317 1092 499 1159 stiarum
545 1121 690 1160 autem
732 1118 1010 1161 immolatione
1059 1119 1160 1160 deos
1204 1133 1363 1174 aequos
1406 1118 1517 1174 fieri,
1566 1118 1679 1174 quod
1719 1121 1787 1161 est

314 1177 546 1232 propitios,
577 1179 791 1234 †praeter
822 1178 1022 1233 antiquos
1055 1178 1255 1233 agebant.

737 1319 908 1363 Glossae
930 1334 1008 1374 per
1038 1321 1083 1363 B
1114 1321 1302 1363 litteram.

255 1413 386 1456 Boni
419 1414 668 1470 aequique
700 1416 888 1470 facere,
919 1415 1034 1457 bono
1067 1415 1210 1458 animo
1242 1416 1366 1458 ferre.

256 1473 470 1529 Blattiss,
502 1474 758 1530 praecupide
791 1474 995 1530 loquitur.

355 1643 371 1672 1
402 1638 607 1674 aestuantis
632 1638 726 1674 HR.
765 1638 842 1673 arci
870 1638 907 1683 C,
935 1638 1088 1674 estuarii
1115 1639 1148 1675 G
1244 1644 1265 1674 3
1291 1638 1414 1685 Altrip
1417 1639 1525 1674 licem
1553 1639 1647 1675 Oba.
1690 1638 1786 1675 Alti-

255 1685 393 1731 plicem
419 1686 514 1731 HR,
540 1685 759 1731 Artipliceni
787 1687 855 1721 boa
883 1690 888 1730 1
917 1686 1103 1732 duplicem
1129 1679 1300 1722 dblosum
1326 1686 1377 1722 G:
1391 1651 1573 1722 pdolosum
1599 1686 1787 1732 duplicem

258 1733 296 1767 P
437 1738 459 1768 4
485 1733 653 1779 perditae
680 1734 730 1768 G:
763 1733 910 1779 probite
939 1699 992 1768 Pp
1121 1739 1141 1769 5
1169 1735 1374 1770 crassantes
1402 1734 1439 1768 P
1579 1738 1600 1769 6
1626 1733 1783 1769 Amussi.

255 1781 406 1826 regulae
443 1781 504 1816 uel
540 1781 693 1816 tabulae
729 1781 762 1815 G
924 1785 945 1817 9
982 1781 1061 1816 ictu
1099 1781 1132 1816 G
1283 1786 1328 1816 10
1360 1793 1477 1827 aeque
1514 1781 1566 1816 P:
1605 1792 1672 1816 om.
1705 1781 1740 1816 G

259 1832 300 1863 12
338 1829 433 1864 unde
473 1828 587 1864 etiam
625 1828 771 1873 antiqui
809 1828 888 1864 CG:
929 1829 1027 1863 unde
1060 1830 1098 1864 ct
1138 1829 1284 1874 antiqui
1321 1829 1379 1874 H,
1416 1827 1559 1874 antiqui
1598 1828 1710 1864 etiam
1748 1828 1785 1864 R

307 1880 347 1910 13
374 1875 589 1922 peregrinas
622 1876 696 1910 CH
719 1878 724 1920 l
746 1875 873 1911 hostes
904 1875 1080 1911 dicebant
1109 1876 1161 1911 R:
1199 1887 1266 1911 om.
1299 1890 1326 1911 ω
1455 1880 1498 1911 14
1529 1877 1570 1911 at
1602 1886 1663 1911 eos
1694 1887 1787 1921 quos

254 1924 403 1967 scripsi:
430 1923 523 1958 adeo
549 1934 664 1968 usque
691 1923 779 1958 libri
800 1925 805 1967 Ι
827 1935 923 1959 nunc
947 1924 1071 1959 hostes
1097 1943 1141 1948 —
1167 1923 1246 1958 fieri
1272 1924 1322 1959 G·
1348 1934 1414 1959 om.
1443 1923 1480 1958 P
1587 1927 1630 1958 15
1656 1923 1787 1958 immo-

255 1970 398 2005 latione
423 1981 489 2006 nos
514 1971 725 2006 addidimus
851 1975 892 2006 16
918 1972 1066 2016 praeter
1091 1970 1263 2016 antiquos
1289 1971 1453 2016 agebant
1478 1971 1574 2006 libri.
1600 1972 1685 2014 fort.
1711 1970 1784 2006 aie-

255 2018 357 2054 bant.
384 2019 532 2063 praeter
557 2017 730 2063 antiquos
766 2020 769 2060 Ι
804 2018 983 2063 Virgilius
1014 2029 1161 2064 quoque
1190 2018 1229 2054 in
1266 2018 1385 2064 primo
1418 2018 1515 2054 libro
1551 2017 1710 2053 ‘interea
1739 2018 1787 2053 ad

255 2065 439 2110 templum
475 2077 549 2101 non
587 2076 732 2110 acquae
763 2065 929 2101 Palladis
962 2066 1083 2101 ibant’
1110 2065 1182 2102 hoc
1209 2067 1266 2101 est
1289 2066 1424 2110 iratae,
1450 2076 1523 2101 non
1549 2067 1592 2100 ut
1615 2063 1784 2110 plerique

257 2112 494 2157 grammatici
526 2112 810 2157 existimabant,
847 2113 935 2148 ‘non
967 2114 1139 2177 aequam’
1167 2112 1270 2158 ideo,
1304 2113 1404 2159 quod
1430 2112 1550 2158 magis
1573 2112 1613 2148 in
1637 2110 1787 2148 Graecis

257 2171 369 2204 quam
395 2160 565 2195 Troianis
590 2160 714 2196 fuerit.
743 2160 832 2196 ‘non
857 2161 1030 2206 aequam’
1060 2171 1147 2206 ergo
1171 2160 1308 2197 iratam
1333 2160 1489 2196 dicimus
1515 2161 1657 2196 addunt
1682 2160 1716 2195 G

257 2211 300 2242 19
328 2207 462 2243 Blattit
486 2207 575 2243 RG.
609 2207 747 2243 Blactit
773 2208 820 2252 Ο,
852 2207 971 2243 Blatit
994 2208 1041 2243 H
1067 2210 1071 2252 Ι
1104 2208 1330 2254 praecupide
1361 2219 1442 2244 nos·
1479 2206 1677 2253 praecipue
1704 2206 1788 2251 PG,

255 2254 468 2300 perstupide
492 2256 596 2299 gyloss
622 2259 698 2291 uat.

350 2331 371 2361 3
397 2325 637 2372 altriplicem]
666 2325 763 2363 Fest.
794 2327 903 2362 Paul.
930 2330 962 2370 7,
969 2330 1022 2362 14.
1050 2327 1178 2372 Alterp
1181 2327 1307 2371 licem,
1334 2325 1530 2372 duplicem.
1556 2326 1660 2371 ylo-ss.
1687 2324 1781 2361 Isid.

257 2369 536 2418 Muscipulator,
566 2373 752 2419 deceptor,
779 2373 972 2419 alterplex.
999 2374 1165 2409 Joamaes
1191 2374 1409 2410 Januensis:
1435 2373 1630 2418 Astriplex,
1659 2371 1783 2408 animo

256 2421 402 2465 duplex.
476 2425 499 2456 4
519 2421 751 2467 ambronem]
767 2421 866 2457 Fest.
883 2422 993 2457 Paul.
1011 2426 1065 2466 17,
1068 2426 1101 2457 2.
1115 2421 1320 2458 Ambrones
1334 2421 1484 2457 fuerunt
1495 2431 1585 2466 gens
1600 2419 1783 2474 quaedam

255 2467 403 2513 gallica,
425 2468 489 2513 qui
509 2468 632 2504 subito
650 2468 893 2505 inundatione
912 2469 1024 2505 maris
1043 2481 1157 2514 quum
1177 2469 1386 2505 amisissent
1403 2468 1507 2504 sedes
1531 2478 1625 2512 suas,
1644 2466 1783 2512 rapinis

256 2516 294 2550 et
312 2515 618 2560 praedationibus
637 2527 675 2551 se
695 2527 853 2564 suosque
874 2516 973 2552 alere
993 2517 1204 2562 coeperunt.
1243 2515 1317 2552 Eos
1337 2517 1375 2552 et
1393 2515 1562 2551 Cimbros
1581 2514 1784 2550 Teutonos-

256 2574 328 2607 que
354 2562 393 2598 C.
425 2563 563 2599 Marius
602 2563 753 2599 deleuit.
803 2575 848 2599 ex
879 2575 952 2609 quo
977 2565 1139 2600 tractum
1171 2565 1246 2607 est,
1277 2565 1320 2599 ut
1343 2563 1463 2608 turpis
1487 2562 1589 2598 uitae
1612 2561 1783 2600 homines

255 2610 450 2646 ambiones
481 2610 702 2647 dicerentur.
872 2616 893 2646 6
919 2611 1092 2658 amussis]
1124 2612 1169 2654 cf.
1202 2591 1300 2647 F’est.
1335 2611 1444 2647 Paul.
1471 2614 1504 2653 6,
1507 2613 1539 2645 9.
1565 2609 1662 2644 Non.
1690 2613 1723 2654 9,
1728 2613 1782 2644 12.

257 2657 397 2693 Charis.
424 2657 458 2692 11
492 2662 558 2694 198
562 2663 619 2703 ,26
638 2658 688 2693 K.
714 2662 745 2694 et
769 2658 1005 2694 Examussim
1033 2671 1069 2704 p.
1096 2662 1152 2694 37.
1208 2657 1217 2665 ‘
1310 2663 1331 2694 8
1357 2657 1514 2704 agoniae
1546 2657 1644 2692 Fest.
1672 2655 1782 2692 Paul.

259 2709 313 2749 10,
317 2709 348 2741 5.
399 2705 571 2740 Hostiam
603 2705 702 2741 enim
733 2705 879 2751 antiqui
910 2705 1084 2752 agoniam
1115 2705 1312 2741 uocabant.
1355 2706 1443 2741 ibid.
1472 2708 1527 2748 10,
1531 2708 1586 2740 11.
1618 2702 1782 2749 Agonias

256 2752 399 2788 hostias
431 2753 567 2797 putant
598 2753 646 2788 ab
677 2753 822 2799 agendo
848 2753 978 2789 dictas.
1012 2754 1116 2799 yloss.
1144 2753 1239 2788 Isid.
1269 2753 1448 2798 Agoniae,
1479 2751 1666 2788 uictimae.
1691 2750 1780 2786 ibid.

257 2799 415 2845 Agonia,
441 2799 576 2836 hostia.
601 2801 705 2846 yloss.
731 2800 847 2837 Labb.
874 2799 1031 2846 Agonia,
1058 2797 1207 2845 ἱερεῖον.
1234 2801 1284 2836 ad
1313 2811 1390 2836 uoc.
1422 2798 1578 2835 uictima
1601 2801 1634 2834 et
1656 2797 1782 2833 hostia

257 2848 302 2890 cf.
329 2847 429 2883 Fest.
449 2850 564 2891 371,.8
593 2847 700 2884 Ouid.
727 2847 833 2883 Fast.
862 2843 975 2892 1‚.3.⁶‚5
1006 2847 1386 2893 Fest.Pauz.102,.7
1419 2846 1781 2888 Seru.Aen.1‚.334

258 2898 277 2928 2
282 2899 374 2937 ,156
401 2894 531 2930 From.
558 2895 608 2931 D.
642 2895 683 2930 V.
710 2899 803 2930 2204
806 2899 873 2939 ,24.
903 2895 946 2930 P.
973 2895 1068 2931 Isid.
1095 2898 1187 2939 6,‚19
1190 2899 1247 2931 33.
1342 2877 1388 2930 19
1413 2893 1558 2940 blattit]
1583 2893 1630 2936 cf.
1649 2891 1780 2927 blattis

258 2952 316 2987 ap.
339 2941 465 2977 Plaut.
485 2942 620 2988 Amph.-
643 2946 676 2988 2,
682 2946 760 2988 1,74
773 2924 834 2979 eie.
852 2943 963 2990 oPp.
986 2946 1040 2979 77.
1061 2941 1213 2988 Blatire,
1231 2942 1410 2990 impedite
1429 2942 1469 2978 et
1479 2939 1654 2987 perplexe
1666 2937 1780 3022 loqui.
