<?xml version="1.0" encoding="UTF-8"?>
<!DOCTYPE html PUBLIC "-//W3C//DTD XHTML 1.0 Transitional//EN"
    "http://www.w3.org/TR/xhtml1/DTD/xhtml1-transitional.dtd">
<html xmlns="http://www.w3.org/1999/xhtml" xml:lang="en" lang="en">
 <head>
  <title>
</title>
<meta http-equiv="Content-Type" content="text/html;charset=utf-8" />
  <meta name='ocr-system' content='tesseract 3.04.00' />
  <meta name='ocr-capabilities' content='ocr_page ocr_carea ocr_par ocr_line ocrx_word'/>
</head>
<body>
  <div class='ocr_page' id='page_1' title='image "./glossaeplaci00lactuoft_0091.png"; bbox 0 0 1898 3294; ppageno 0'>
   <div class='ocr_carea' id='block_1_1' title="bbox 0 0 173 70">
    <p class='ocr_par' dir='ltr' id='par_1_1' title="bbox 0 0 173 70">
     <span class='ocr_line' id='line_1_1' title="bbox 0 0 173 70; baseline 0 3224"><span class='ocrx_word' id='word_1_1' title='bbox 0 0 173 70; x_wconf 95' lang='lat' dir='ltr'><strong> </strong></span> 
     </span>
    </p>
   </div>
   <div class='ocr_carea' id='block_1_2' title="bbox 20 167 42 206">
    <p class='ocr_par' dir='ltr' id='par_1_2' title="bbox 20 167 42 206">
     <span class='ocr_line' id='line_1_2' title="bbox 20 167 42 178; baseline 0 -2"><span class='ocrx_word' id='word_1_2' title='bbox 20 167 42 178; x_wconf 62' lang='grc' dir='ltr'><strong>-ρ</strong></span> 
     </span>
     <span class='ocr_line' id='line_1_3' title="bbox 21 193 41 206; baseline 0 0"><span class='ocrx_word' id='word_1_3' title='bbox 21 193 41 206; x_wconf 68' lang='lat'><em>0</em></span> 
     </span>
    </p>
   </div>
   <div class='ocr_carea' id='block_1_3' title="bbox 768 198 1049 243">
    <p class='ocr_par' dir='ltr' id='par_1_3' title="bbox 768 198 1049 243">
     <span class='ocr_line' id='line_1_4' title="bbox 768 198 1049 243; baseline 0.004 -14"><span class='ocrx_word' id='word_1_4' title='bbox 768 198 1049 243; x_wconf 79' lang='grc'><strong>-67-</strong></span> 
     </span>
    </p>
   </div>
   <div class='ocr_carea' id='block_1_4' title="bbox 89 303 1681 1328">
    <p class='ocr_par' dir='ltr' id='par_1_4' title="bbox 89 303 1681 1328">
     <span class='ocr_line' id='line_1_5' title="bbox 202 303 1678 407; baseline 0.001 -59"><span class='ocrx_word' id='word_1_5' title='bbox 202 306 334 407; x_wconf 51' lang='lat'><strong>3323..</strong></span> <span class='ocrx_word' id='word_1_6' title='bbox 390 303 626 350; x_wconf 75' lang='lat' dir='ltr'>Cornutus:</span> <span class='ocrx_word' id='word_1_7' title='bbox 665 303 883 362; x_wconf 83' lang='lat' dir='ltr'><strong>‘quicquid</strong></span> <span class='ocrx_word' id='word_1_8' title='bbox 921 304 1155 350; x_wconf 86' lang='lat' dir='ltr'><strong>mactatur’</strong></span> <span class='ocrx_word' id='word_1_9' title='bbox 1186 305 1238 349; x_wconf 67' lang='lat' dir='ltr'><strong>ier</strong></span> <span class='ocrx_word' id='word_1_10' title='bbox 1262 308 1330 349; x_wconf 90' lang='lat' dir='ltr'><strong>est</strong></span> <span class='ocrx_word' id='word_1_11' title='bbox 1360 306 1563 363; x_wconf 88' lang='lat' dir='ltr'><strong>quicquid</strong></span> <span class='ocrx_word' id='word_1_12' title='bbox 1595 306 1678 349; x_wconf 85' lang='lat' dir='ltr'><strong>dis-</strong></span> 
     </span>
     <span class='ocr_line' id='line_1_6' title="bbox 323 366 406 409; baseline 0.024 -2"><span class='ocrx_word' id='word_1_13' title='bbox 323 366 406 409; x_wconf 87' lang='lat' dir='ltr'><strong>tur.</strong></span> 
     </span>
     <span class='ocr_line' id='line_1_7' title="bbox 144 429 1331 493; baseline 0.003 -15"><span class='ocrx_word' id='word_1_14' title='bbox 144 433 438 493; x_wconf 77' lang='lat' dir='ltr'><strong>Mauellem‚</strong></span> <span class='ocrx_word' id='word_1_15' title='bbox 469 429 610 493; x_wconf 81' lang='lat' dir='ltr'><strong>magis</strong></span> <span class='ocrx_word' id='word_1_16' title='bbox 643 436 821 492; x_wconf 88' lang='lat' dir='ltr'><strong>uellem,</strong></span> <span class='ocrx_word' id='word_1_17' title='bbox 854 437 1108 492; x_wconf 90' lang='lat' dir='ltr'><strong>[interdum]</strong></span> <span class='ocrx_word' id='word_1_18' title='bbox 1141 438 1331 482; x_wconf 88' lang='lat' dir='ltr'><strong>mallem.</strong></span> 
     </span>
     <span class='ocr_line' id='line_1_8' title="bbox 143 492 883 553; baseline 0.004 -17"><span class='ocrx_word' id='word_1_19' title='bbox 143 492 298 538; x_wconf 77' lang='lat' dir='ltr'><strong>Multi</strong></span> <span class='ocrx_word' id='word_1_20' title='bbox 328 496 518 553; x_wconf 85' lang='lat' dir='ltr'><strong>facere,</strong></span> <span class='ocrx_word' id='word_1_21' title='bbox 548 496 697 552; x_wconf 79' lang='lat' dir='ltr'><strong>magni</strong></span> <span class='ocrx_word' id='word_1_22' title='bbox 728 495 883 539; x_wconf 86' lang='lat' dir='ltr'><strong>facere.</strong></span> 
     </span>
     <span class='ocr_line' id='line_1_9' title="bbox 107 551 1681 613; baseline 0.003 -17"><span class='ocrx_word' id='word_1_23' title='bbox 107 551 427 612; x_wconf 70' lang='lat' dir='ltr'><strong>oMunicare,</strong></span> <span class='ocrx_word' id='word_1_24' title='bbox 465 555 799 611; x_wconf 88' lang='lat' dir='ltr'><strong>communicare,</strong></span> <span class='ocrx_word' id='word_1_25' title='bbox 837 555 999 599; x_wconf 89' lang='lat' dir='ltr'><strong>dictum</strong></span> <span class='ocrx_word' id='word_1_26' title='bbox 1039 571 1065 600; x_wconf 88' lang='lat' dir='ltr'><strong>a</strong></span> <span class='ocrx_word' id='word_1_27' title='bbox 1101 557 1262 600; x_wconf 89' lang='lat' dir='ltr'><strong>muniis</strong></span> <span class='ocrx_word' id='word_1_28' title='bbox 1294 557 1337 600; x_wconf 91' lang='lat' dir='ltr'><strong>id</strong></span> <span class='ocrx_word' id='word_1_29' title='bbox 1368 560 1436 600; x_wconf 89' lang='lat' dir='ltr'><strong>est</strong></span> <span class='ocrx_word' id='word_1_30' title='bbox 1467 557 1681 613; x_wconf 77' lang='lat' dir='ltr'><strong>operibus,</strong></span> 
     </span>
     <span class='ocr_line' id='line_1_10' title="bbox 143 611 1051 672; baseline 0.003 -16"><span class='ocrx_word' id='word_1_31' title='bbox 143 611 339 669; x_wconf 80' lang='lat' dir='ltr'><strong>†Mu1ti</strong></span> <span class='ocrx_word' id='word_1_32' title='bbox 371 615 553 672; x_wconf 85' lang='lat' dir='ltr'>equibus</span> <span class='ocrx_word' id='word_1_33' title='bbox 585 630 663 671; x_wconf 88' lang='lat' dir='ltr'><strong>pro</strong></span> <span class='ocrx_word' id='word_1_34' title='bbox 696 615 825 658; x_wconf 91' lang='lat' dir='ltr'><strong>uiduo</strong></span> <span class='ocrx_word' id='word_1_35' title='bbox 856 615 1051 672; x_wconf 86' lang='lat' dir='ltr'><strong>fingitur.</strong></span> 
     </span>
     <span class='ocr_line' id='line_1_11' title="bbox 142 670 771 731; baseline 0.005 -16"><span class='ocrx_word' id='word_1_36' title='bbox 142 670 339 731; x_wconf 82' lang='lat' dir='ltr'><strong>Manas,</strong></span> <span class='ocrx_word' id='word_1_37' title='bbox 370 675 527 731; x_wconf 81' lang='lat' dir='ltr'><strong>malas,</strong></span> <span class='ocrx_word' id='word_1_38' title='bbox 559 674 771 718; x_wconf 82' lang='lat' dir='ltr'><strong>maxillas.</strong></span> 
     </span>
     <span class='ocr_line' id='line_1_12' title="bbox 141 729 804 791; baseline 0.008 -17"><span class='ocrx_word' id='word_1_39' title='bbox 141 729 405 790; x_wconf 85' lang='lat' dir='ltr'><strong>Moraciis,</strong></span> <span class='ocrx_word' id='word_1_40' title='bbox 436 735 617 778; x_wconf 88' lang='lat' dir='ltr'><strong>nucibus</strong></span> <span class='ocrx_word' id='word_1_41' title='bbox 649 734 804 791; x_wconf 84' lang='lat' dir='ltr'><strong>longis.</strong></span> 
     </span>
     <span class='ocr_line' id='line_1_13' title="bbox 141 789 667 851; baseline 0.004 -17"><span class='ocrx_word' id='word_1_42' title='bbox 141 789 447 851; x_wconf 80' lang='lat' dir='ltr'><strong>Masucium,</strong></span> <span class='ocrx_word' id='word_1_43' title='bbox 481 795 667 838; x_wconf 81' lang='lat' dir='ltr'>edacem.</span> 
     </span>
     <span class='ocr_line' id='line_1_14' title="bbox 89 849 1068 911; baseline 0.006 -20"><span class='ocrx_word' id='word_1_44' title='bbox 89 864 126 892; x_wconf 86' lang='lat'><strong>10</strong></span> <span class='ocrx_word' id='word_1_45' title='bbox 142 849 444 911; x_wconf 80' lang='lat' dir='ltr'><strong>Murrinam,</strong></span> <span class='ocrx_word' id='word_1_46' title='bbox 477 855 626 898; x_wconf 87' lang='lat' dir='ltr'><strong>uinum</strong></span> <span class='ocrx_word' id='word_1_47' title='bbox 658 869 804 897; x_wconf 86' lang='lat' dir='ltr'><strong>murra</strong></span> <span class='ocrx_word' id='word_1_48' title='bbox 835 854 1068 898; x_wconf 87' lang='lat' dir='ltr'><strong>conditum.</strong></span> 
     </span>
     <span class='ocr_line' id='line_1_15' title="bbox 141 908 1383 970; baseline 0.006 -18"><span class='ocrx_word' id='word_1_49' title='bbox 141 908 382 968; x_wconf 86' lang='lat' dir='ltr'><strong>Mulleos,</strong></span> <span class='ocrx_word' id='word_1_50' title='bbox 413 913 686 958; x_wconf 79' lang='lat' dir='ltr'><strong>calciamenti</strong></span> <span class='ocrx_word' id='word_1_51' title='bbox 717 927 870 970; x_wconf 85' lang='lat' dir='ltr'><strong>genus,</strong></span> <span class='ocrx_word' id='word_1_52' title='bbox 902 929 928 957; x_wconf 90' lang='lat' dir='ltr'><strong>a</strong></span> <span class='ocrx_word' id='word_1_53' title='bbox 959 914 1104 957; x_wconf 89' lang='lat' dir='ltr'><strong>colore</strong></span> <span class='ocrx_word' id='word_1_54' title='bbox 1136 915 1383 959; x_wconf 91' lang='lat' dir='ltr'><strong>mullorum.</strong></span> 
     </span>
     <span class='ocr_line' id='line_1_16' title="bbox 141 968 728 1030; baseline 0.007 -18"><span class='ocrx_word' id='word_1_55' title='bbox 141 968 410 1029; x_wconf 82' lang='lat' dir='ltr'><strong>Maspiter,</strong></span> <span class='ocrx_word' id='word_1_56' title='bbox 441 973 560 1017; x_wconf 86' lang='lat' dir='ltr'><strong>Mars</strong></span> <span class='ocrx_word' id='word_1_57' title='bbox 591 976 728 1030; x_wconf 87' lang='lat' dir='ltr'><strong>pater.</strong></span> 
     </span>
     <span class='ocr_line' id='line_1_17' title="bbox 141 1027 657 1089; baseline 0.008 -17"><span class='ocrx_word' id='word_1_58' title='bbox 141 1027 411 1089; x_wconf 86' lang='lat' dir='ltr'><strong>Mentitor,</strong></span> <span class='ocrx_word' id='word_1_59' title='bbox 443 1033 657 1077; x_wconf 86' lang='lat' dir='ltr'><strong>inuentor.</strong></span> 
     </span>
     <span class='ocr_line' id='line_1_18' title="bbox 141 1086 1537 1140; baseline 0.003 -5"><span class='ocrx_word' id='word_1_60' title='bbox 141 1086 223 1135; x_wconf 88' lang='lat' dir='ltr'><strong>Mu</strong></span> <span class='ocrx_word' id='word_1_61' title='bbox 255 1092 393 1136; x_wconf 86' lang='lat' dir='ltr'><strong>adhuc</strong></span> <span class='ocrx_word' id='word_1_62' title='bbox 424 1093 470 1136; x_wconf 93' lang='lat' dir='ltr'><strong>in</strong></span> <span class='ocrx_word' id='word_1_63' title='bbox 502 1093 810 1137; x_wconf 86' lang='lat' dir='ltr'><strong>consuetudine</strong></span> <span class='ocrx_word' id='word_1_64' title='bbox 842 1097 920 1137; x_wconf 86' lang='lat' dir='ltr'><strong>est.</strong></span> <span class='ocrx_word' id='word_1_65' title='bbox 970 1095 1081 1138; x_wconf 90' lang='lat' dir='ltr'><strong>unde</strong></span> <span class='ocrx_word' id='word_1_66' title='bbox 1115 1094 1308 1138; x_wconf 79' lang='lat' dir='ltr'><strong>‘mutire’</strong></span> <span class='ocrx_word' id='word_1_67' title='bbox 1340 1096 1537 1140; x_wconf 78' lang='lat' dir='ltr'><strong>dicimus.</strong></span> 
     </span>
     <span class='ocr_line' id='line_1_19' title="bbox 90 1148 819 1210; baseline 0.003 -16"><span class='ocrx_word' id='word_1_68' title='bbox 90 1169 124 1195; x_wconf 76' lang='lat'><strong>15</strong></span> <span class='ocrx_word' id='word_1_69' title='bbox 145 1148 539 1210; x_wconf 84' lang='lat' dir='ltr'><strong>Miniacoctum,</strong></span> <span class='ocrx_word' id='word_1_70' title='bbox 571 1154 689 1196; x_wconf 86' lang='lat' dir='ltr'><strong>aciae</strong></span> <span class='ocrx_word' id='word_1_71' title='bbox 721 1168 819 1196; x_wconf 90' lang='lat' dir='ltr'><strong>uox.</strong></span> 
     </span>
     <span class='ocr_line' id='line_1_20' title="bbox 142 1209 1592 1271; baseline 0.003 -17"><span class='ocrx_word' id='word_1_72' title='bbox 142 1209 435 1269; x_wconf 88' lang='lat' dir='ltr'><strong>Mirionem,</strong></span> <span class='ocrx_word' id='word_1_73' title='bbox 466 1215 653 1268; x_wconf 87' lang='lat' dir='ltr'><strong>turpem,</strong></span> <span class='ocrx_word' id='word_1_74' title='bbox 691 1213 828 1256; x_wconf 89' lang='lat' dir='ltr'><strong>ueluti</strong></span> <span class='ocrx_word' id='word_1_75' title='bbox 860 1214 1082 1257; x_wconf 88' lang='lat' dir='ltr'><strong>miriorem</strong></span> <span class='ocrx_word' id='word_1_76' title='bbox 1113 1218 1293 1271; x_wconf 85' lang='lat' dir='ltr'><strong>propter</strong></span> <span class='ocrx_word' id='word_1_77' title='bbox 1325 1215 1592 1259; x_wconf 85' lang='lat' dir='ltr'><strong>foeditatem.</strong></span> 
     </span>
     <span class='ocr_line' id='line_1_21' title="bbox 142 1269 771 1328; baseline 0.003 -14"><span class='ocrx_word' id='word_1_78' title='bbox 142 1269 361 1328; x_wconf 77' lang='lat' dir='ltr'><strong>Macere,</strong></span> <span class='ocrx_word' id='word_1_79' title='bbox 390 1273 527 1316; x_wconf 86' lang='lat' dir='ltr'><strong>macie</strong></span> <span class='ocrx_word' id='word_1_80' title='bbox 558 1273 771 1316; x_wconf 86' lang='lat' dir='ltr'><strong>infestari.</strong></span> 
     </span>
    </p>
   </div>
   <div class='ocr_carea' id='block_1_5' title="bbox 141 1407 426 1412">
    <p class='ocr_par' dir='ltr' id='par_1_5' title="bbox 141 1407 426 1412">
     <span class='ocr_line' id='line_1_22' title="bbox 141 1407 426 1412; baseline 0 0"><span class='ocrx_word' id='word_1_81' title='bbox 141 1407 426 1412; x_wconf 95' lang='lat' dir='ltr'><strong> </strong></span> 
     </span>
    </p>
   </div>
   <div class='ocr_carea' id='block_1_6' title="bbox 86 1465 1682 1593">
    <p class='ocr_par' dir='ltr' id='par_1_6' title="bbox 86 1465 1682 1593">
     <span class='ocr_line' id='line_1_23' title="bbox 238 1465 1610 1534; baseline 0.002 -11"><span class='ocrx_word' id='word_1_82' title='bbox 238 1491 255 1523; x_wconf 93' lang='lat'>1</span> <span class='ocrx_word' id='word_1_83' title='bbox 296 1488 439 1523; x_wconf 86' lang='lat' dir='ltr'><strong>mactus</strong></span> <span class='ocrx_word' id='word_1_84' title='bbox 485 1485 522 1522; x_wconf 93' lang='lat' dir='ltr'><strong><em>P</em></strong></span> <span class='ocrx_word' id='word_1_85' title='bbox 550 1487 555 1531; x_wconf 85' lang='grc' dir='ltr'>Ι</span> <span class='ocrx_word' id='word_1_86' title='bbox 586 1485 807 1522; x_wconf 70' lang='lat' dir='ltr'><strong>distrahitur</strong></span> <span class='ocrx_word' id='word_1_87' title='bbox 858 1486 1018 1532; x_wconf 65' lang='lat' dir='ltr'><strong>Papias:</strong></span> <span class='ocrx_word' id='word_1_88' title='bbox 1063 1487 1244 1524; x_wconf 84' lang='lat' dir='ltr'><strong>distratur</strong></span> <span class='ocrx_word' id='word_1_89' title='bbox 1281 1500 1322 1534; x_wconf 88' lang='lat' dir='ltr'><strong>a,</strong></span> <span class='ocrx_word' id='word_1_90' title='bbox 1367 1465 1531 1526; x_wconf 83' lang='lat' dir='ltr'><strong>distatur</strong></span> <span class='ocrx_word' id='word_1_91' title='bbox 1572 1489 1610 1526; x_wconf 90' lang='lat' dir='ltr'>R</span> 
     </span>
     <span class='ocr_line' id='line_1_24' title="bbox 86 1533 1682 1593; baseline 0.001 -21"><span class='ocrx_word' id='word_1_92' title='bbox 86 1587 91 1590; x_wconf 88' lang='lat'>.</span> <span class='ocrx_word' id='word_1_93' title='bbox 141 1540 162 1572; x_wconf 88' lang='grc'><strong>3</strong></span> <span class='ocrx_word' id='word_1_94' title='bbox 188 1535 389 1572; x_wconf 81' lang='lat' dir='ltr'><strong>Mauellem</strong></span> <span class='ocrx_word' id='word_1_95' title='bbox 414 1535 564 1580; x_wconf 74' lang='lat' dir='ltr'><strong>scripsi:</strong></span> <span class='ocrx_word' id='word_1_96' title='bbox 591 1533 795 1570; x_wconf 85' lang='lat' dir='ltr'><strong>Maliellem</strong></span> <span class='ocrx_word' id='word_1_97' title='bbox 822 1546 856 1579; x_wconf 89' lang='lat' dir='ltr'><strong>a,</strong></span> <span class='ocrx_word' id='word_1_98' title='bbox 882 1534 1102 1571; x_wconf 86' lang='lat' dir='ltr'><strong>Malliellem</strong></span> <span class='ocrx_word' id='word_1_99' title='bbox 1128 1536 1185 1571; x_wconf 90' lang='lat' dir='ltr'><strong>Rv</strong></span> <span class='ocrx_word' id='word_1_100' title='bbox 1301 1541 1322 1572; x_wconf 87' lang='lat'>4</span> <span class='ocrx_word' id='word_1_101' title='bbox 1348 1537 1590 1584; x_wconf 87' lang='lat' dir='ltr'><strong>magnificare</strong></span> <span class='ocrx_word' id='word_1_102' title='bbox 1615 1538 1682 1593; x_wconf 77' lang='lat' dir='ltr'><strong>Hp</strong></span> 
     </span>
    </p>
   </div>
   <div class='ocr_carea' id='block_1_7' title="bbox 189 1581 1744 1630">
    <p class='ocr_par' dir='ltr' id='par_1_7' title="bbox 189 1581 1744 1630">
     <span class='ocr_line' id='line_1_25' title="bbox 189 1581 1744 1630; baseline 0.001 -11"><span class='ocrx_word' id='word_1_103' title='bbox 189 1588 211 1619; x_wconf 99' lang='lat'><strong>5</strong></span> <span class='ocrx_word' id='word_1_104' title='bbox 235 1582 426 1619; x_wconf 85' lang='lat' dir='ltr'><strong>Municare</strong></span> <span class='ocrx_word' id='word_1_105' title='bbox 453 1581 503 1618; x_wconf 78' lang='lat' dir='ltr'><strong>G:</strong></span> <span class='ocrx_word' id='word_1_106' title='bbox 534 1581 748 1617; x_wconf 85' lang='lat' dir='ltr'><strong>Meunicare</strong></span> <span class='ocrx_word' id='word_1_107' title='bbox 782 1582 839 1627; x_wconf 89' lang='lat' dir='ltr'><strong>H,</strong></span> <span class='ocrx_word' id='word_1_108' title='bbox 871 1581 1085 1619; x_wconf 84' lang='lat' dir='ltr'><strong>Mennicare</strong></span> <span class='ocrx_word' id='word_1_109' title='bbox 1117 1583 1171 1628; x_wconf 88' lang='lat' dir='ltr'><strong>R,</strong></span> <span class='ocrx_word' id='word_1_110' title='bbox 1203 1584 1414 1620; x_wconf 87' lang='lat' dir='ltr'><strong>Moenicare</strong></span> <span class='ocrx_word' id='word_1_111' title='bbox 1440 1585 1474 1620; x_wconf 80' lang='lat' dir='ltr'><em>G</em></span> <span class='ocrx_word' id='word_1_112' title='bbox 1505 1586 1510 1630; x_wconf 88' lang='grc' dir='ltr'>Ι</span> <span class='ocrx_word' id='word_1_113' title='bbox 1544 1586 1681 1622; x_wconf 70' lang='grc'><strong>1111111116</strong></span> <span class='ocrx_word' id='word_1_114' title='bbox 1728 1584 1744 1590; x_wconf 81' lang='grc'><em>“</em></span> 
     </span>
    </p>
   </div>
   <div class='ocr_carea' id='block_1_8' title="bbox 140 1628 1682 1774">
    <p class='ocr_par' dir='ltr' id='par_1_8' title="bbox 140 1628 1682 1774">
     <span class='ocr_line' id='line_1_26' title="bbox 143 1628 1632 1678; baseline 0.001 -11"><span class='ocrx_word' id='word_1_115' title='bbox 143 1630 217 1667; x_wconf 82' lang='lat' dir='ltr'><strong>GH</strong></span> <span class='ocrx_word' id='word_1_116' title='bbox 236 1642 282 1667; x_wconf 90' lang='lat' dir='ltr'><strong>m.</strong></span> <span class='ocrx_word' id='word_1_117' title='bbox 308 1634 359 1667; x_wconf 79' lang='lat'><strong>2.:</strong></span> <span class='ocrx_word' id='word_1_118' title='bbox 390 1630 509 1666; x_wconf 85' lang='lat' dir='ltr'><strong>menis</strong></span> <span class='ocrx_word' id='word_1_119' title='bbox 534 1629 629 1676; x_wconf 86' lang='lat' dir='ltr'><strong>HR,</strong></span> <span class='ocrx_word' id='word_1_120' title='bbox 660 1628 818 1666; x_wconf 85' lang='lat' dir='ltr'><strong>moeniis</strong></span> <span class='ocrx_word' id='word_1_121' title='bbox 846 1629 949 1666; x_wconf 83' lang='lat' dir='ltr'><strong>Plac.</strong></span> <span class='ocrx_word' id='word_1_122' title='bbox 979 1642 1039 1676; x_wconf 77' lang='lat' dir='ltr'><strong>ap.</strong></span> <span class='ocrx_word' id='word_1_123' title='bbox 1068 1631 1199 1667; x_wconf 83' lang='lat' dir='ltr'><strong>Muell.</strong></span> <span class='ocrx_word' id='word_1_124' title='bbox 1232 1632 1282 1667; x_wconf 79' lang='lat' dir='ltr'><strong>ad</strong></span> <span class='ocrx_word' id='word_1_125' title='bbox 1307 1632 1459 1668; x_wconf 73' lang='lat' dir='ltr'><strong>Festum</strong></span> <span class='ocrx_word' id='word_1_126' title='bbox 1492 1636 1632 1678; x_wconf 82' lang='lat'><strong>153,22.</strong></span> 
     </span>
     <span class='ocr_line' id='line_1_27' title="bbox 141 1672 1682 1724; baseline 0.001 -9"><span class='ocrx_word' id='word_1_127' title='bbox 141 1682 163 1715; x_wconf 84' lang='grc'><strong>6</strong></span> <span class='ocrx_word' id='word_1_128' title='bbox 188 1672 301 1715; x_wconf 78' lang='lat' dir='ltr'><strong>Multi</strong></span> <span class='ocrx_word' id='word_1_129' title='bbox 330 1689 350 1714; x_wconf 87' lang='grc'><strong>6</strong></span> <span class='ocrx_word' id='word_1_130' title='bbox 377 1677 486 1714; x_wconf 87' lang='lat' dir='ltr'><strong>uibus</strong></span> <span class='ocrx_word' id='word_1_131' title='bbox 516 1677 551 1723; x_wconf 90' lang='lat' dir='ltr'><strong>(e</strong></span> <span class='ocrx_word' id='word_1_132' title='bbox 582 1677 718 1723; x_wconf 89' lang='lat' dir='ltr'><strong>quibus</strong></span> <span class='ocrx_word' id='word_1_133' title='bbox 751 1676 802 1722; x_wconf 86' lang='lat' dir='ltr'><strong>R)</strong></span> <span class='ocrx_word' id='word_1_134' title='bbox 839 1676 890 1713; x_wconf 90' lang='lat' dir='ltr'><strong>P:</strong></span> <span class='ocrx_word' id='word_1_135' title='bbox 928 1678 1096 1714; x_wconf 86' lang='lat' dir='ltr'><strong>Multicie</strong></span> <span class='ocrx_word' id='word_1_136' title='bbox 1129 1678 1263 1724; x_wconf 89' lang='lat' dir='ltr'><strong>quibus</strong></span> <span class='ocrx_word' id='word_1_137' title='bbox 1289 1679 1323 1715; x_wconf 76' lang='lat' dir='ltr'><em>G</em></span> <span class='ocrx_word' id='word_1_138' title='bbox 1344 1683 1349 1724; x_wconf 89' lang='grc' dir='ltr'>Ι</span> <span class='ocrx_word' id='word_1_139' title='bbox 1371 1679 1487 1716; x_wconf 79' lang='lat' dir='ltr'><strong>uiduo</strong></span> <span class='ocrx_word' id='word_1_140' title='bbox 1515 1681 1567 1716; x_wconf 88' lang='lat' dir='ltr'><strong>P:</strong></span> <span class='ocrx_word' id='word_1_141' title='bbox 1603 1681 1682 1716; x_wconf 87' lang='lat' dir='ltr'><strong>uidi</strong></span> 
     </span>
     <span class='ocr_line' id='line_1_28' title="bbox 140 1724 1679 1774; baseline 0.001 -12"><span class='ocrx_word' id='word_1_142' title='bbox 140 1725 251 1762; x_wconf 88' lang='lat' dir='ltr'><strong>uideo</strong></span> <span class='ocrx_word' id='word_1_143' title='bbox 277 1725 312 1762; x_wconf 74' lang='lat' dir='ltr'><strong><em>G</em></strong></span> <span class='ocrx_word' id='word_1_144' title='bbox 332 1726 338 1771; x_wconf 83' lang='grc' dir='ltr'>Ι</span> <span class='ocrx_word' id='word_1_145' title='bbox 385 1725 512 1771; x_wconf 72' lang='lat' dir='ltr'><strong>agitur</strong></span> <span class='ocrx_word' id='word_1_146' title='bbox 537 1724 600 1760; x_wconf 90' lang='lat' dir='ltr'><strong>uel</strong></span> <span class='ocrx_word' id='word_1_147' title='bbox 623 1724 793 1771; x_wconf 82' lang='lat' dir='ltr'><strong>fungitur</strong></span> <span class='ocrx_word' id='word_1_148' title='bbox 817 1724 854 1759; x_wconf 88' lang='lat' dir='ltr'>R</span> <span class='ocrx_word' id='word_1_149' title='bbox 878 1728 911 1760; x_wconf 78' lang='lat' dir='ltr'><strong>et</strong></span> <span class='ocrx_word' id='word_1_150' title='bbox 936 1725 982 1760; x_wconf 92' lang='lat' dir='ltr'><em>H</em></span> <span class='ocrx_word' id='word_1_151' title='bbox 995 1737 1041 1762; x_wconf 88' lang='lat' dir='ltr'><strong>m.</strong></span> <span class='ocrx_word' id='word_1_152' title='bbox 1068 1729 1102 1762; x_wconf 81' lang='lat'><strong>2.</strong></span> <span class='ocrx_word' id='word_1_153' title='bbox 1224 1731 1246 1763; x_wconf 92' lang='lat'>8</span> <span class='ocrx_word' id='word_1_154' title='bbox 1271 1727 1450 1774; x_wconf 83' lang='lat' dir='ltr'><strong>Moragiis</strong></span> <span class='ocrx_word' id='word_1_155' title='bbox 1475 1740 1496 1764; x_wconf 81' lang='lat' dir='ltr'><strong>r</strong></span> <span class='ocrx_word' id='word_1_156' title='bbox 1523 1728 1679 1774; x_wconf 73' lang='lat' dir='ltr'><strong>Papias,</strong></span> 
     </span>
    </p>
   </div>
   <div class='ocr_carea' id='block_1_9' title="bbox 135 1771 1682 1917">
    <p class='ocr_par' dir='ltr' id='par_1_9' title="bbox 135 1771 1682 1917">
     <span class='ocr_line' id='line_1_29' title="bbox 139 1771 1679 1822; baseline 0.001 -12"><span class='ocrx_word' id='word_1_157' title='bbox 139 1773 304 1820; x_wconf 81' lang='lat' dir='ltr'><strong>Moragis</strong></span> <span class='ocrx_word' id='word_1_158' title='bbox 337 1786 365 1808; x_wconf 86' lang='grc' dir='ltr'><strong><em>ω</em></strong></span> <span class='ocrx_word' id='word_1_159' title='bbox 535 1776 556 1808; x_wconf 86' lang='grc'><strong>9</strong></span> <span class='ocrx_word' id='word_1_160' title='bbox 582 1771 791 1808; x_wconf 82' lang='lat' dir='ltr'><strong>Masucium</strong></span> <span class='ocrx_word' id='word_1_161' title='bbox 825 1772 975 1809; x_wconf 75' lang='lat' dir='ltr'><strong>Festus:</strong></span> <span class='ocrx_word' id='word_1_162' title='bbox 1013 1774 1224 1810; x_wconf 82' lang='lat' dir='ltr'><strong>Massucum</strong></span> <span class='ocrx_word' id='word_1_163' title='bbox 1250 1774 1304 1820; x_wconf 78' lang='lat' dir='ltr'><strong>G,</strong></span> <span class='ocrx_word' id='word_1_164' title='bbox 1339 1775 1484 1811; x_wconf 83' lang='lat' dir='ltr'><strong>Matum</strong></span> <span class='ocrx_word' id='word_1_165' title='bbox 1517 1787 1603 1812; x_wconf 88' lang='lat' dir='ltr'><strong>cum</strong></span> <span class='ocrx_word' id='word_1_166' title='bbox 1628 1777 1679 1822; x_wconf 91' lang='lat' dir='ltr'><strong>H,</strong></span> 
     </span>
     <span class='ocr_line' id='line_1_30' title="bbox 140 1819 1682 1865; baseline 0.002 -8"><span class='ocrx_word' id='word_1_167' title='bbox 140 1820 335 1857; x_wconf 82' lang='lat' dir='ltr'><strong>MasumR</strong></span> <span class='ocrx_word' id='word_1_168' title='bbox 357 1822 362 1865; x_wconf 92' lang='grc' dir='ltr'>Ι</span> <span class='ocrx_word' id='word_1_169' title='bbox 384 1820 610 1856; x_wconf 86' lang='lat' dir='ltr'><strong>euendacem</strong></span> <span class='ocrx_word' id='word_1_170' title='bbox 629 1819 667 1855; x_wconf 89' lang='lat' dir='ltr'>R</span> <span class='ocrx_word' id='word_1_171' title='bbox 754 1823 797 1855; x_wconf 93' lang='grc'><strong>10</strong></span> <span class='ocrx_word' id='word_1_172' title='bbox 816 1819 1022 1860; x_wconf 79' lang='lat' dir='ltr'><strong>Murrinam</strong></span> <span class='ocrx_word' id='word_1_173' title='bbox 1035 1832 1098 1857; x_wconf 83' lang='lat' dir='ltr'><strong>va:</strong></span> <span class='ocrx_word' id='word_1_174' title='bbox 1118 1821 1326 1858; x_wconf 77' lang='lat' dir='ltr'><strong>Muri-inum</strong></span> <span class='ocrx_word' id='word_1_175' title='bbox 1349 1822 1387 1857; x_wconf 90' lang='lat' dir='ltr'><em>P</em></span> <span class='ocrx_word' id='word_1_176' title='bbox 1464 1827 1506 1859; x_wconf 91' lang='lat'><strong>11</strong></span> <span class='ocrx_word' id='word_1_177' title='bbox 1522 1823 1682 1860; x_wconf 85' lang='lat' dir='ltr'><strong>Mulleos</strong></span> 
     </span>
     <span class='ocr_line' id='line_1_31' title="bbox 135 1866 1682 1917; baseline 0.002 -13"><span class='ocrx_word' id='word_1_178' title='bbox 135 1880 183 1914; x_wconf 82' lang='lat' dir='ltr'><strong>p:</strong></span> <span class='ocrx_word' id='word_1_179' title='bbox 221 1868 380 1905; x_wconf 83' lang='lat' dir='ltr'><strong>Mulleas</strong></span> <span class='ocrx_word' id='word_1_180' title='bbox 407 1867 451 1911; x_wconf 83' lang='grc'><strong>0,</strong></span> <span class='ocrx_word' id='word_1_181' title='bbox 488 1867 630 1903; x_wconf 85' lang='lat' dir='ltr'><strong>Mulleo</strong></span> <span class='ocrx_word' id='word_1_182' title='bbox 660 1866 739 1903; x_wconf 87' lang='lat' dir='ltr'><strong>HR</strong></span> <span class='ocrx_word' id='word_1_183' title='bbox 761 1868 989 1910; x_wconf 79' lang='lat' dir='ltr'><strong>{mullorum</strong></span> <span class='ocrx_word' id='word_1_184' title='bbox 1021 1868 1071 1904; x_wconf 77' lang='lat' dir='ltr'><strong>G:</strong></span> <span class='ocrx_word' id='word_1_185' title='bbox 1098 1868 1185 1905; x_wconf 86' lang='lat' dir='ltr'><strong>albo</strong></span> <span class='ocrx_word' id='word_1_186' title='bbox 1219 1869 1256 1904; x_wconf 88' lang='lat' dir='ltr'><strong>P</strong></span> <span class='ocrx_word' id='word_1_187' title='bbox 1425 1875 1468 1906; x_wconf 80' lang='lat'><strong>12</strong></span> <span class='ocrx_word' id='word_1_188' title='bbox 1498 1870 1682 1917; x_wconf 86' lang='lat' dir='ltr'><strong>Maspiter</strong></span> 
     </span>
    </p>
   </div>
   <div class='ocr_carea' id='block_1_10' title="bbox 141 1914 1682 2143">
    <p class='ocr_par' dir='ltr' id='par_1_10' title="bbox 141 1914 1682 2143">
     <span class='ocr_line' id='line_1_32' title="bbox 143 1914 1681 1963; baseline 0.001 -11"><span class='ocrx_word' id='word_1_189' title='bbox 143 1915 336 1962; x_wconf 75' lang='lat' dir='ltr'><strong>GPapias:</strong></span> <span class='ocrx_word' id='word_1_190' title='bbox 362 1915 543 1962; x_wconf 83' lang='lat' dir='ltr'><strong>Marpiter</strong></span> <span class='ocrx_word' id='word_1_191' title='bbox 567 1915 620 1959; x_wconf 90' lang='lat' dir='ltr'><strong>H,</strong></span> <span class='ocrx_word' id='word_1_192' title='bbox 646 1914 728 1951; x_wconf 81' lang='lat' dir='ltr'><strong>Mas</strong></span> <span class='ocrx_word' id='word_1_193' title='bbox 754 1914 827 1951; x_wconf 87' lang='lat' dir='ltr'><strong>iter</strong></span> <span class='ocrx_word' id='word_1_194' title='bbox 850 1915 909 1951; x_wconf 83' lang='lat' dir='ltr'><strong>Rv</strong></span> <span class='ocrx_word' id='word_1_195' title='bbox 994 1918 997 1920; x_wconf 85' lang='lat'>&#39;</span> <span class='ocrx_word' id='word_1_196' title='bbox 1040 1920 1084 1952; x_wconf 88' lang='grc'><strong>13</strong></span> <span class='ocrx_word' id='word_1_197' title='bbox 1111 1917 1292 1954; x_wconf 86' lang='lat' dir='ltr'><strong>Mentitor</strong></span> <span class='ocrx_word' id='word_1_198' title='bbox 1315 1928 1398 1954; x_wconf 81' lang='lat' dir='ltr'><strong>nos:</strong></span> <span class='ocrx_word' id='word_1_199' title='bbox 1424 1917 1573 1956; x_wconf 81' lang='lat' dir='ltr'><strong>Mentor</strong></span> <span class='ocrx_word' id='word_1_200' title='bbox 1596 1919 1681 1963; x_wconf 79' lang='lat' dir='ltr'><strong>RG,</strong></span> 
     </span>
     <span class='ocr_line' id='line_1_33' title="bbox 141 1927 1678 2013; baseline 0.003 -14"><span class='ocrx_word' id='word_1_201' title='bbox 141 1964 291 2001; x_wconf 83' lang='lat' dir='ltr'><strong>Mensor</strong></span> <span class='ocrx_word' id='word_1_202' title='bbox 315 1964 361 1999; x_wconf 89' lang='lat' dir='ltr'>H</span> <span class='ocrx_word' id='word_1_203' title='bbox 460 1967 506 1998; x_wconf 93' lang='lat'><strong>14</strong></span> <span class='ocrx_word' id='word_1_204' title='bbox 530 1962 666 1999; x_wconf 88' lang='lat' dir='ltr'><strong>mutire</strong></span> <span class='ocrx_word' id='word_1_205' title='bbox 692 1927 862 1999; x_wconf 56' lang='lat' dir='ltr'><strong>thtner:</strong></span> <span class='ocrx_word' id='word_1_206' title='bbox 889 1963 1034 2010; x_wconf 86' lang='lat' dir='ltr'><strong>mugire</strong></span> <span class='ocrx_word' id='word_1_207' title='bbox 1059 1964 1149 2000; x_wconf 83' lang='lat' dir='ltr'><strong>libri</strong></span> <span class='ocrx_word' id='word_1_208' title='bbox 1262 1968 1304 2001; x_wconf 89' lang='lat'><strong>15</strong></span> <span class='ocrx_word' id='word_1_209' title='bbox 1330 1965 1586 2003; x_wconf 84' lang='lat' dir='ltr'><strong>Muniacotum</strong></span> <span class='ocrx_word' id='word_1_210' title='bbox 1611 1966 1646 2002; x_wconf 82' lang='lat' dir='ltr'><strong><em>G</em></strong></span> <span class='ocrx_word' id='word_1_211' title='bbox 1675 1968 1678 2013; x_wconf 74' lang='grc'><strong>1</strong></span> 
     </span>
     <span class='ocr_line' id='line_1_34' title="bbox 142 2010 1682 2057; baseline 0.001 -9"><span class='ocrx_word' id='word_1_212' title='bbox 142 2011 245 2057; x_wconf 67' lang='lat' dir='ltr'><strong>aciae</strong></span> <span class='ocrx_word' id='word_1_213' title='bbox 266 2012 371 2048; x_wconf 79' lang='lat' dir='ltr'><strong>Mai:</strong></span> <span class='ocrx_word' id='word_1_214' title='bbox 397 2010 477 2048; x_wconf 83' lang='lat' dir='ltr'><strong>acie</strong></span> <span class='ocrx_word' id='word_1_215' title='bbox 499 2010 596 2056; x_wconf 87' lang='lat' dir='ltr'><strong>Pva,</strong></span> <span class='ocrx_word' id='word_1_216' title='bbox 621 2010 716 2046; x_wconf 85' lang='lat' dir='ltr'><strong>aciei</strong></span> <span class='ocrx_word' id='word_1_217' title='bbox 735 2021 765 2055; x_wconf 78' lang='lat' dir='ltr'><em>p</em></span> <span class='ocrx_word' id='word_1_218' title='bbox 788 2010 933 2056; x_wconf 63' lang='lat' dir='ltr'><strong>Papias</strong></span> <span class='ocrx_word' id='word_1_219' title='bbox 1030 2015 1074 2049; x_wconf 89' lang='grc'><strong>16</strong></span> <span class='ocrx_word' id='word_1_220' title='bbox 1096 2011 1293 2049; x_wconf 86' lang='grc' dir='ltr'><strong>Μ1110116111</strong></span> <span class='ocrx_word' id='word_1_221' title='bbox 1320 2013 1456 2050; x_wconf 82' lang='lat' dir='ltr'><strong>Varro:</strong></span> <span class='ocrx_word' id='word_1_222' title='bbox 1482 2014 1682 2050; x_wconf 88' lang='lat' dir='ltr'><strong>Meriorem</strong></span> 
     </span>
     <span class='ocr_line' id='line_1_35' title="bbox 142 2057 1682 2106; baseline 0.003 -11"><span class='ocrx_word' id='word_1_223' title='bbox 142 2059 231 2095; x_wconf 72' lang='lat' dir='ltr'><strong>libri</strong></span> <span class='ocrx_word' id='word_1_224' title='bbox 331 2063 372 2095; x_wconf 81' lang='lat'><strong>17</strong></span> <span class='ocrx_word' id='word_1_225' title='bbox 399 2059 546 2095; x_wconf 72' lang='lat' dir='ltr'><strong>Manere</strong></span> <span class='ocrx_word' id='word_1_226' title='bbox 570 2057 690 2094; x_wconf 74' lang='lat' dir='ltr'><strong>macie</strong></span> <span class='ocrx_word' id='word_1_227' title='bbox 716 2058 767 2094; x_wconf 78' lang='lat' dir='ltr'><strong>G:</strong></span> <span class='ocrx_word' id='word_1_228' title='bbox 792 2057 913 2094; x_wconf 83' lang='lat' dir='ltr'><strong>Macie</strong></span> <span class='ocrx_word' id='word_1_229' title='bbox 937 2059 1073 2095; x_wconf 82' lang='lat' dir='ltr'><strong>maciei</strong></span> <span class='ocrx_word' id='word_1_230' title='bbox 1101 2059 1138 2094; x_wconf 89' lang='lat' dir='ltr'><em>P</em></span> <span class='ocrx_word' id='word_1_231' title='bbox 1156 2061 1162 2106; x_wconf 84' lang='grc' dir='ltr'>Ι</span> <span class='ocrx_word' id='word_1_232' title='bbox 1183 2059 1354 2096; x_wconf 83' lang='lat' dir='ltr'><strong>infestari</strong></span> <span class='ocrx_word' id='word_1_233' title='bbox 1374 2061 1478 2097; x_wconf 87' lang='lat' dir='ltr'><strong>Mai:</strong></span> <span class='ocrx_word' id='word_1_234' title='bbox 1504 2061 1682 2099; x_wconf 84' lang='lat' dir='ltr'><strong>infestare</strong></span> 
     </span>
     <span class='ocr_line' id='line_1_36' title="bbox 143 2107 233 2143; baseline 0 0"><span class='ocrx_word' id='word_1_235' title='bbox 143 2107 233 2143; x_wconf 70' lang='lat' dir='ltr'><strong>libro·</strong></span> 
     </span>
    </p>
   </div>
   <div class='ocr_carea' id='block_1_11' title="bbox 64 2200 1682 3009">
    <p class='ocr_par' dir='ltr' id='par_1_11' title="bbox 142 2200 1682 2774">
     <span class='ocr_line' id='line_1_37' title="bbox 237 2200 1682 2249; baseline 0.001 -10"><span class='ocrx_word' id='word_1_236' title='bbox 237 2206 261 2239; x_wconf 91' lang='lat'>4</span> <span class='ocrx_word' id='word_1_237' title='bbox 285 2201 395 2238; x_wconf 82' lang='lat' dir='ltr'><strong>multi</strong></span> <span class='ocrx_word' id='word_1_238' title='bbox 426 2201 566 2248; x_wconf 83' lang='lat' dir='ltr'><strong>facere]</strong></span> <span class='ocrx_word' id='word_1_239' title='bbox 599 2201 645 2246; x_wconf 77' lang='lat' dir='ltr'><strong>cf.</strong></span> <span class='ocrx_word' id='word_1_240' title='bbox 674 2200 802 2238; x_wconf 81' lang='lat' dir='ltr'><strong>Plaut.</strong></span> <span class='ocrx_word' id='word_1_241' title='bbox 834 2201 933 2238; x_wconf 78' lang='lat' dir='ltr'><strong>Rud.</strong></span> <span class='ocrx_word' id='word_1_242' title='bbox 961 2205 1090 2247; x_wconf 79' lang='lat'><strong>2‚3‚50.</strong></span> <span class='ocrx_word' id='word_1_243' title='bbox 1122 2202 1222 2239; x_wconf 74' lang='lat' dir='ltr'><strong>Fest.</strong></span> <span class='ocrx_word' id='word_1_244' title='bbox 1250 2203 1361 2240; x_wconf 84' lang='lat' dir='ltr'><strong>Paul.</strong></span> <span class='ocrx_word' id='word_1_245' title='bbox 1392 2207 1505 2249; x_wconf 58' lang='lat'><strong>1525.</strong></span> <span class='ocrx_word' id='word_1_246' title='bbox 1555 2205 1682 2242; x_wconf 85' lang='lat' dir='ltr'><strong>Multi-</strong></span> 
     </span>
     <span class='ocr_line' id='line_1_38' title="bbox 142 2248 1680 2304; baseline 0.001 -17"><span class='ocrx_word' id='word_1_247' title='bbox 142 2250 267 2287; x_wconf 84' lang='lat' dir='ltr'><strong>facore</strong></span> <span class='ocrx_word' id='word_1_248' title='bbox 293 2249 431 2286; x_wconf 85' lang='lat' dir='ltr'><strong>dicitur</strong></span> <span class='ocrx_word' id='word_1_249' title='bbox 456 2249 553 2285; x_wconf 76' lang='lat' dir='ltr'><strong>sicut</strong></span> <span class='ocrx_word' id='word_1_250' title='bbox 577 2248 829 2295; x_wconf 83' lang='lat' dir='ltr'><strong>magnifacere</strong></span> <span class='ocrx_word' id='word_1_251' title='bbox 854 2251 894 2285; x_wconf 87' lang='lat' dir='ltr'><strong>et</strong></span> <span class='ocrx_word' id='word_1_252' title='bbox 916 2250 1158 2304; x_wconf 78' lang='lat' dir='ltr'><strong>paruifacere.</strong></span> <span class='ocrx_word' id='word_1_253' title='bbox 1299 2255 1320 2287; x_wconf 88' lang='lat'><strong>5</strong></span> <span class='ocrx_word' id='word_1_254' title='bbox 1346 2252 1552 2299; x_wconf 86' lang='lat' dir='ltr'><strong>municare]</strong></span> <span class='ocrx_word' id='word_1_255' title='bbox 1580 2253 1680 2291; x_wconf 80' lang='lat' dir='ltr'><strong>Fest.</strong></span> 
     </span>
     <span class='ocr_line' id='line_1_39' title="bbox 146 2297 1679 2346; baseline 0.002 -13"><span class='ocrx_word' id='word_1_256' title='bbox 146 2298 256 2335; x_wconf 78' lang='lat' dir='ltr'><strong>Paul.</strong></span> <span class='ocrx_word' id='word_1_257' title='bbox 286 2301 400 2342; x_wconf 82' lang='lat' dir='ltr'>l52‚4.</span> <span class='ocrx_word' id='word_1_258' title='bbox 438 2297 606 2332; x_wconf 86' lang='lat' dir='ltr'><strong>Municas</strong></span> <span class='ocrx_word' id='word_1_259' title='bbox 639 2307 707 2342; x_wconf 86' lang='lat' dir='ltr'><strong>pro</strong></span> <span class='ocrx_word' id='word_1_260' title='bbox 738 2308 990 2333; x_wconf 78' lang='lat' dir='ltr'><strong>commumcas</strong></span> <span class='ocrx_word' id='word_1_261' title='bbox 1014 2297 1200 2334; x_wconf 83' lang='lat' dir='ltr'><strong>dicebant.</strong></span> <span class='ocrx_word' id='word_1_262' title='bbox 1347 2303 1366 2335; x_wconf 77' lang='lat'>7</span> <span class='ocrx_word' id='word_1_263' title='bbox 1394 2300 1538 2346; x_wconf 81' lang='lat' dir='ltr'><strong>manas]</strong></span> <span class='ocrx_word' id='word_1_264' title='bbox 1569 2300 1679 2336; x_wconf 83' lang='lat' dir='ltr'><strong>Prob.</strong></span> 
     </span>
     <span class='ocr_line' id='line_1_40' title="bbox 142 2343 1679 2393; baseline 0.001 -11"><span class='ocrx_word' id='word_1_265' title='bbox 142 2346 312 2392; x_wconf 77' lang='lat' dir='ltr'><strong>Append.</strong></span> <span class='ocrx_word' id='word_1_266' title='bbox 334 2348 463 2390; x_wconf 77' lang='lat'><strong>195‚24</strong></span> <span class='ocrx_word' id='word_1_267' title='bbox 482 2344 532 2380; x_wconf 86' lang='lat' dir='ltr'><strong>K.</strong></span> <span class='ocrx_word' id='word_1_268' title='bbox 557 2343 711 2380; x_wconf 83' lang='lat' dir='ltr'><strong>nomina</strong></span> <span class='ocrx_word' id='word_1_269' title='bbox 733 2343 880 2390; x_wconf 85' lang='lat' dir='ltr'><strong>generis</strong></span> <span class='ocrx_word' id='word_1_270' title='bbox 902 2344 1074 2381; x_wconf 88' lang='lat' dir='ltr'><strong>feminini</strong></span> <span class='ocrx_word' id='word_1_271' title='bbox 1098 2346 1243 2383; x_wconf 89' lang='lat' dir='ltr'><strong>numeri</strong></span> <span class='ocrx_word' id='word_1_272' title='bbox 1262 2357 1407 2393; x_wconf 79' lang='lat' dir='ltr'><strong>semper</strong></span> <span class='ocrx_word' id='word_1_273' title='bbox 1431 2345 1609 2393; x_wconf 84' lang='lat' dir='ltr'><strong>pluralis.</strong></span> <span class='ocrx_word' id='word_1_274' title='bbox 1628 2377 1656 2385; x_wconf 92' lang='lat'><strong>..</strong></span> <span class='ocrx_word' id='word_1_275' title='bbox 1671 2377 1679 2385; x_wconf 90' lang='lat'>.</span> 
     </span>
     <span class='ocr_line' id='line_1_41' title="bbox 142 2391 1678 2441; baseline 0.001 -10"><span class='ocrx_word' id='word_1_276' title='bbox 142 2405 275 2431; x_wconf 83' lang='lat' dir='ltr'><strong>manae</strong></span> <span class='ocrx_word' id='word_1_277' title='bbox 307 2393 356 2438; x_wconf 87' lang='lat' dir='ltr'><strong>is,</strong></span> <span class='ocrx_word' id='word_1_278' title='bbox 388 2391 514 2428; x_wconf 85' lang='lat' dir='ltr'><strong>sordes</strong></span> <span class='ocrx_word' id='word_1_279' title='bbox 538 2392 621 2428; x_wconf 89' lang='lat' dir='ltr'><strong>ibus</strong></span> <span class='ocrx_word' id='word_1_280' title='bbox 653 2392 718 2438; x_wconf 78' lang='lat' dir='ltr'><strong>rlq.</strong></span> <span class='ocrx_word' id='word_1_281' title='bbox 817 2395 838 2427; x_wconf 86' lang='grc'>8</span> <span class='ocrx_word' id='word_1_282' title='bbox 863 2393 1052 2440; x_wconf 85' lang='lat' dir='ltr'><strong>moraciis]</strong></span> <span class='ocrx_word' id='word_1_283' title='bbox 1080 2393 1178 2431; x_wconf 81' lang='lat' dir='ltr'><strong>Fest.</strong></span> <span class='ocrx_word' id='word_1_284' title='bbox 1208 2394 1319 2430; x_wconf 81' lang='lat' dir='ltr'><strong>Paul.</strong></span> <span class='ocrx_word' id='word_1_285' title='bbox 1348 2399 1462 2441; x_wconf 84' lang='lat'>139,5.</span> <span class='ocrx_word' id='word_1_286' title='bbox 1493 2396 1678 2432; x_wconf 82' lang='lat' dir='ltr'><strong>Moracias</strong></span> 
     </span>
     <span class='ocr_line' id='line_1_42' title="bbox 142 2439 1679 2488; baseline 0.001 -10"><span class='ocrx_word' id='word_1_287' title='bbox 142 2453 255 2478; x_wconf 87' lang='lat' dir='ltr'><strong>nuces</strong></span> <span class='ocrx_word' id='word_1_288' title='bbox 288 2439 475 2476; x_wconf 84' lang='lat' dir='ltr'><strong>Titinnius</strong></span> <span class='ocrx_word' id='word_1_289' title='bbox 507 2439 619 2475; x_wconf 87' lang='lat' dir='ltr'><strong>duras</strong></span> <span class='ocrx_word' id='word_1_290' title='bbox 651 2450 729 2475; x_wconf 87' lang='lat' dir='ltr'><strong>esse</strong></span> <span class='ocrx_word' id='word_1_291' title='bbox 755 2439 820 2476; x_wconf 84' lang='lat' dir='ltr'><strong>ait.</strong></span> <span class='ocrx_word' id='word_1_292' title='bbox 875 2439 948 2475; x_wconf 90' lang='grc' dir='ltr'><strong>ΟΡ</strong></span> <span class='ocrx_word' id='word_1_293' title='bbox 964 2451 1005 2486; x_wconf 81' lang='lat' dir='ltr'><strong>p.</strong></span> <span class='ocrx_word' id='word_1_294' title='bbox 1038 2444 1119 2477; x_wconf 87' lang='lat'><strong>355.</strong></span> <span class='ocrx_word' id='word_1_295' title='bbox 1144 2442 1239 2478; x_wconf 87' lang='lat' dir='ltr'><strong>haec</strong></span> <span class='ocrx_word' id='word_1_296' title='bbox 1263 2442 1444 2487; x_wconf 84' lang='lat' dir='ltr'><strong>moracia,</strong></span> <span class='ocrx_word' id='word_1_297' title='bbox 1476 2453 1532 2488; x_wconf 87' lang='lat' dir='ltr'><strong>ae,</strong></span> <span class='ocrx_word' id='word_1_298' title='bbox 1557 2443 1596 2479; x_wconf 90' lang='lat' dir='ltr'><strong>id</strong></span> <span class='ocrx_word' id='word_1_299' title='bbox 1621 2444 1679 2479; x_wconf 87' lang='lat' dir='ltr'><strong>est</strong></span> 
     </span>
     <span class='ocr_line' id='line_1_43' title="bbox 142 2486 1678 2535; baseline 0.002 -11"><span class='ocrx_word' id='word_1_300' title='bbox 142 2489 236 2525; x_wconf 82' lang='lat' dir='ltr'><strong>dura</strong></span> <span class='ocrx_word' id='word_1_301' title='bbox 259 2500 344 2524; x_wconf 83' lang='lat' dir='ltr'><strong>nux.</strong></span> <span class='ocrx_word' id='word_1_302' title='bbox 493 2491 536 2522; x_wconf 92' lang='lat'><strong>10</strong></span> <span class='ocrx_word' id='word_1_303' title='bbox 561 2486 781 2534; x_wconf 85' lang='lat' dir='ltr'><strong>murrinam]</strong></span> <span class='ocrx_word' id='word_1_304' title='bbox 815 2487 943 2524; x_wconf 77' lang='lat' dir='ltr'><strong>Plaut.</strong></span> <span class='ocrx_word' id='word_1_305' title='bbox 972 2487 1104 2525; x_wconf 75' lang='lat' dir='ltr'><strong>Pseud.</strong></span> <span class='ocrx_word' id='word_1_306' title='bbox 1139 2492 1268 2534; x_wconf 80' lang='lat'><strong>2,4,51.</strong></span> <span class='ocrx_word' id='word_1_307' title='bbox 1293 2489 1394 2526; x_wconf 79' lang='lat' dir='ltr'><strong>Fest.</strong></span> <span class='ocrx_word' id='word_1_308' title='bbox 1422 2490 1533 2527; x_wconf 81' lang='lat' dir='ltr'><strong>Paul.</strong></span> <span class='ocrx_word' id='word_1_309' title='bbox 1564 2495 1678 2535; x_wconf 82' lang='lat'>144‚9.</span> 
     </span>
     <span class='ocr_line' id='line_1_44' title="bbox 146 2534 1677 2584; baseline 0.001 -12"><span class='ocrx_word' id='word_1_310' title='bbox 146 2536 249 2572; x_wconf 71' lang='lat' dir='ltr'><strong>Ptin.</strong></span> <span class='ocrx_word' id='word_1_311' title='bbox 278 2539 322 2571; x_wconf 80' lang='lat'><strong>14</strong></span> <span class='ocrx_word' id='word_1_312' title='bbox 347 2539 368 2578; x_wconf 68' lang='grc' dir='ltr'><strong>ἓ</strong></span> <span class='ocrx_word' id='word_1_313' title='bbox 393 2539 450 2571; x_wconf 78' lang='lat'><strong>92.</strong></span> <span class='ocrx_word' id='word_1_314' title='bbox 475 2535 574 2570; x_wconf 73' lang='lat' dir='ltr'><strong>Non.</strong></span> <span class='ocrx_word' id='word_1_315' title='bbox 601 2538 718 2579; x_wconf 78' lang='lat'><strong>551‚6.</strong></span> <span class='ocrx_word' id='word_1_316' title='bbox 745 2534 834 2571; x_wconf 61' lang='lat' dir='ltr'><strong>Onu.</strong></span> <span class='ocrx_word' id='word_1_317' title='bbox 863 2538 1013 2581; x_wconf 78' lang='lat'>10,23‚2.</span> <span class='ocrx_word' id='word_1_318' title='bbox 1113 2541 1154 2571; x_wconf 91' lang='lat'><strong>11</strong></span> <span class='ocrx_word' id='word_1_319' title='bbox 1182 2537 1358 2584; x_wconf 85' lang='lat' dir='ltr'><strong>mulleos]</strong></span> <span class='ocrx_word' id='word_1_320' title='bbox 1386 2538 1481 2574; x_wconf 84' lang='lat' dir='ltr'><strong>Isid.</strong></span> <span class='ocrx_word' id='word_1_321' title='bbox 1504 2542 1677 2583; x_wconf 84' lang='lat'>19,34,10.</span> 
     </span>
     <span class='ocr_line' id='line_1_45' title="bbox 143 2581 1679 2631; baseline 0.002 -12"><span class='ocrx_word' id='word_1_322' title='bbox 143 2583 274 2619; x_wconf 85' lang='lat' dir='ltr'><strong>Mullei</strong></span> <span class='ocrx_word' id='word_1_323' title='bbox 293 2582 432 2619; x_wconf 76' lang='lat' dir='ltr'><strong>similes</strong></span> <span class='ocrx_word' id='word_1_324' title='bbox 452 2583 540 2618; x_wconf 87' lang='lat' dir='ltr'><strong>sunt</strong></span> <span class='ocrx_word' id='word_1_325' title='bbox 558 2581 836 2626; x_wconf 87' lang='lat' dir='ltr'><strong>cothurnorum,</strong></span> <span class='ocrx_word' id='word_1_326' title='bbox 862 2582 942 2619; x_wconf 91' lang='lat' dir='ltr'><strong>solo</strong></span> <span class='ocrx_word' id='word_1_327' title='bbox 968 2583 1056 2619; x_wconf 84' lang='lat' dir='ltr'><strong>alto.</strong></span> <span class='ocrx_word' id='word_1_328' title='bbox 1096 2584 1287 2629; x_wconf 79' lang='lat' dir='ltr'><strong>superiore</strong></span> <span class='ocrx_word' id='word_1_329' title='bbox 1311 2586 1438 2621; x_wconf 82' lang='lat' dir='ltr'><strong>autem</strong></span> <span class='ocrx_word' id='word_1_330' title='bbox 1463 2587 1568 2631; x_wconf 76' lang='lat' dir='ltr'><strong>parte</strong></span> <span class='ocrx_word' id='word_1_331' title='bbox 1594 2597 1679 2622; x_wconf 87' lang='lat' dir='ltr'><strong>cum</strong></span> 
     </span>
     <span class='ocr_line' id='line_1_46' title="bbox 144 2628 1678 2678; baseline 0.001 -11"><span class='ocrx_word' id='word_1_332' title='bbox 144 2630 259 2667; x_wconf 86' lang='lat' dir='ltr'><strong>osseis</strong></span> <span class='ocrx_word' id='word_1_333' title='bbox 283 2630 345 2666; x_wconf 89' lang='grc'><strong>1161</strong></span> <span class='ocrx_word' id='word_1_334' title='bbox 370 2629 494 2666; x_wconf 66' lang='lat' dir='ltr'><strong>aeneis</strong></span> <span class='ocrx_word' id='word_1_335' title='bbox 519 2628 717 2675; x_wconf 73' lang='lat' dir='ltr'><strong>malleolis,</strong></span> <span class='ocrx_word' id='word_1_336' title='bbox 742 2630 790 2666; x_wconf 81' lang='lat' dir='ltr'><strong>ad</strong></span> <span class='ocrx_word' id='word_1_337' title='bbox 811 2641 904 2676; x_wconf 86' lang='lat' dir='ltr'><strong>quos</strong></span> <span class='ocrx_word' id='word_1_338' title='bbox 928 2630 1009 2666; x_wconf 87' lang='lat' dir='ltr'><strong>lora</strong></span> <span class='ocrx_word' id='word_1_339' title='bbox 1034 2631 1308 2678; x_wconf 83' lang='lat' dir='ltr'><strong>deligabantur.</strong></span> <span class='ocrx_word' id='word_1_340' title='bbox 1327 2632 1421 2669; x_wconf 86' lang='lat' dir='ltr'><strong>dicti</strong></span> <span class='ocrx_word' id='word_1_341' title='bbox 1439 2634 1567 2669; x_wconf 86' lang='lat' dir='ltr'><strong>autem</strong></span> <span class='ocrx_word' id='word_1_342' title='bbox 1591 2635 1678 2669; x_wconf 82' lang='lat' dir='ltr'><strong>sunt</strong></span> 
     </span>
     <span class='ocr_line' id='line_1_47' title="bbox 143 2677 1677 2728; baseline 0.001 -14"><span class='ocrx_word' id='word_1_343' title='bbox 143 2690 167 2714; x_wconf 80' lang='lat' dir='ltr'><strong>a</strong></span> <span class='ocrx_word' id='word_1_344' title='bbox 191 2678 315 2715; x_wconf 86' lang='lat' dir='ltr'><strong>colore</strong></span> <span class='ocrx_word' id='word_1_345' title='bbox 340 2677 468 2722; x_wconf 84' lang='lat' dir='ltr'><strong>rubro,</strong></span> <span class='ocrx_word' id='word_1_346' title='bbox 500 2677 627 2723; x_wconf 72' lang='lat' dir='ltr'><strong>qualis</strong></span> <span class='ocrx_word' id='word_1_347' title='bbox 653 2679 712 2714; x_wconf 86' lang='lat' dir='ltr'><strong>est</strong></span> <span class='ocrx_word' id='word_1_348' title='bbox 741 2677 847 2713; x_wconf 90' lang='lat' dir='ltr'><strong>mulli</strong></span> <span class='ocrx_word' id='word_1_349' title='bbox 872 2677 996 2723; x_wconf 88' lang='lat' dir='ltr'><strong>piscis.</strong></span> <span class='ocrx_word' id='word_1_350' title='bbox 1040 2679 1086 2723; x_wconf 79' lang='lat' dir='ltr'><strong>cs.</strong></span> <span class='ocrx_word' id='word_1_351' title='bbox 1115 2679 1213 2716; x_wconf 82' lang='lat' dir='ltr'><strong>Fest.</strong></span> <span class='ocrx_word' id='word_1_352' title='bbox 1242 2683 1380 2725; x_wconf 79' lang='lat'>142‚26.</span> <span class='ocrx_word' id='word_1_353' title='bbox 1517 2685 1572 2716; x_wconf 87' lang='grc'><strong>.14</strong></span> <span class='ocrx_word' id='word_1_354' title='bbox 1596 2681 1677 2728; x_wconf 90' lang='grc'><strong>11111]</strong></span> 
     </span>
     <span class='ocr_line' id='line_1_48' title="bbox 145 2724 1678 2774; baseline 0.001 -12"><span class='ocrx_word' id='word_1_355' title='bbox 145 2726 288 2763; x_wconf 75' lang='lat' dir='ltr'><strong>Charis.</strong></span> <span class='ocrx_word' id='word_1_356' title='bbox 318 2726 351 2760; x_wconf 93' lang='lat'><strong>11</strong></span> <span class='ocrx_word' id='word_1_357' title='bbox 377 2728 494 2770; x_wconf 56' lang='lat'>2403..</span> <span class='ocrx_word' id='word_1_358' title='bbox 519 2725 569 2760; x_wconf 92' lang='lat' dir='ltr'><strong>K.</strong></span> <span class='ocrx_word' id='word_1_359' title='bbox 606 2724 671 2759; x_wconf 85' lang='lat' dir='ltr'><strong>Mu</strong></span> <span class='ocrx_word' id='word_1_360' title='bbox 701 2725 858 2761; x_wconf 78' lang='lat' dir='ltr'><strong>Plautus</strong></span> <span class='ocrx_word' id='word_1_361' title='bbox 890 2725 929 2761; x_wconf 90' lang='grc'><strong>111</strong></span> <span class='ocrx_word' id='word_1_362' title='bbox 961 2725 1080 2762; x_wconf 85' lang='lat' dir='ltr'><strong>Caeco</strong></span> <span class='ocrx_word' id='word_1_363' title='bbox 1111 2727 1173 2762; x_wconf 85' lang='lat' dir='ltr'><strong>uel</strong></span> <span class='ocrx_word' id='word_1_364' title='bbox 1203 2727 1242 2762; x_wconf 91' lang='lat' dir='ltr'><strong>in</strong></span> <span class='ocrx_word' id='word_1_365' title='bbox 1272 2727 1543 2764; x_wconf 79' lang='lat' dir='ltr'><strong>Praedonibus:</strong></span> <span class='ocrx_word' id='word_1_366' title='bbox 1579 2728 1678 2774; x_wconf 88' lang='lat' dir='ltr'><strong>‘quis</strong></span> 
     </span>
    </p>

    <p class='ocr_par' dir='ltr' id='par_1_12' title="bbox 64 2771 1678 3009">
     <span class='ocr_line' id='line_1_49' title="bbox 64 2771 1678 2821; baseline 0.001 -11"><span class='ocrx_word' id='word_1_367' title='bbox 64 2786 72 2794; x_wconf 63' lang='grc'><strong>“</strong></span> <span class='ocrx_word' id='word_1_368' title='bbox 143 2777 185 2810; x_wconf 84' lang='lat' dir='ltr'><strong>tu</strong></span> <span class='ocrx_word' id='word_1_369' title='bbox 210 2784 268 2818; x_wconf 85' lang='lat' dir='ltr'><strong>es,</strong></span> <span class='ocrx_word' id='word_1_370' title='bbox 299 2771 364 2819; x_wconf 86' lang='lat' dir='ltr'><strong>qui</strong></span> <span class='ocrx_word' id='word_1_371' title='bbox 394 2771 498 2808; x_wconf 85' lang='lat' dir='ltr'><strong>ducis</strong></span> <span class='ocrx_word' id='word_1_372' title='bbox 527 2775 612 2807; x_wconf 81' lang='lat' dir='ltr'><strong>me?</strong></span> <span class='ocrx_word' id='word_1_373' title='bbox 642 2783 707 2807; x_wconf 89' lang='lat' dir='ltr'><strong>mu</strong></span> <span class='ocrx_word' id='word_1_374' title='bbox 737 2772 850 2818; x_wconf 86' lang='lat' dir='ltr'><strong>perii,</strong></span> <span class='ocrx_word' id='word_1_375' title='bbox 879 2772 1004 2809; x_wconf 82' lang='lat' dir='ltr'><strong>hercle</strong></span> <span class='ocrx_word' id='word_1_376' title='bbox 1035 2773 1126 2810; x_wconf 83' lang='lat' dir='ltr'><strong>Afer</strong></span> <span class='ocrx_word' id='word_1_377' title='bbox 1156 2774 1234 2811; x_wconf 84' lang='lat' dir='ltr'><strong>est&#39;.</strong></span> <span class='ocrx_word' id='word_1_378' title='bbox 1276 2775 1328 2811; x_wconf 80' lang='lat' dir='ltr'><strong>id.</strong></span> <span class='ocrx_word' id='word_1_379' title='bbox 1360 2779 1476 2820; x_wconf 82' lang='lat'>204‚8.</span> <span class='ocrx_word' id='word_1_380' title='bbox 1520 2775 1586 2811; x_wconf 88' lang='lat' dir='ltr'><strong>Mu</strong></span> <span class='ocrx_word' id='word_1_381' title='bbox 1610 2787 1678 2821; x_wconf 91' lang='lat' dir='ltr'><strong>pro</strong></span> 
     </span>
     <span class='ocr_line' id='line_1_50' title="bbox 142 2818 1678 2868; baseline 0.001 -11"><span class='ocrx_word' id='word_1_382' title='bbox 142 2820 297 2857; x_wconf 83' lang='lat' dir='ltr'><strong>muttire</strong></span> <span class='ocrx_word' id='word_1_383' title='bbox 335 2818 499 2855; x_wconf 85' lang='lat' dir='ltr'><strong>Lucilius</strong></span> <span class='ocrx_word' id='word_1_384' title='bbox 537 2821 743 2855; x_wconf 82' lang='lat' dir='ltr'><strong>saturarum</strong></span> <span class='ocrx_word' id='word_1_385' title='bbox 774 2819 887 2855; x_wconf 90' lang='lat' dir='ltr'><strong>libro:</strong></span> <span class='ocrx_word' id='word_1_386' title='bbox 928 2820 1017 2856; x_wconf 85' lang='lat' dir='ltr'><strong>‘non</strong></span> <span class='ocrx_word' id='word_1_387' title='bbox 1047 2821 1201 2857; x_wconf 81' lang='lat' dir='ltr'><strong>laudare</strong></span> <span class='ocrx_word' id='word_1_388' title='bbox 1232 2822 1419 2858; x_wconf 88' lang='lat' dir='ltr'><strong>hominem</strong></span> <span class='ocrx_word' id='word_1_389' title='bbox 1453 2834 1678 2868; x_wconf 83' lang='lat' dir='ltr'><strong>quemquam</strong></span> 
     </span>
     <span class='ocr_line' id='line_1_51' title="bbox 143 2866 1677 2915; baseline 0.001 -10"><span class='ocrx_word' id='word_1_390' title='bbox 143 2879 265 2914; x_wconf 85' lang='lat' dir='ltr'><strong>neque</strong></span> <span class='ocrx_word' id='word_1_391' title='bbox 290 2879 354 2903; x_wconf 88' lang='lat' dir='ltr'><strong>mu</strong></span> <span class='ocrx_word' id='word_1_392' title='bbox 379 2866 519 2910; x_wconf 70' lang='lat' dir='ltr'><strong>facere,</strong></span> <span class='ocrx_word' id='word_1_393' title='bbox 545 2866 737 2911; x_wconf 72' lang='lat' dir='ltr'><strong>inqusm‘e’</strong></span> <span class='ocrx_word' id='word_1_394' title='bbox 839 2871 882 2903; x_wconf 87' lang='grc'><strong>16</strong></span> <span class='ocrx_word' id='word_1_395' title='bbox 907 2867 1120 2915; x_wconf 85' lang='grc'><strong>1111110116111]</strong></span> <span class='ocrx_word' id='word_1_396' title='bbox 1154 2868 1262 2905; x_wconf 84' lang='lat' dir='ltr'><strong>Varr.</strong></span> <span class='ocrx_word' id='word_1_397' title='bbox 1289 2870 1333 2905; x_wconf 91' lang='lat' dir='ltr'><strong>L.</strong></span> <span class='ocrx_word' id='word_1_398' title='bbox 1360 2870 1404 2905; x_wconf 82' lang='lat' dir='ltr'><strong>L.</strong></span> <span class='ocrx_word' id='word_1_399' title='bbox 1431 2874 1523 2914; x_wconf 80' lang='lat'>7,64.</span> <span class='ocrx_word' id='word_1_400' title='bbox 1567 2870 1677 2906; x_wconf 80' lang='lat' dir='ltr'><strong>Mira-</strong></span> 
     </span>
     <span class='ocr_line' id='line_1_52' title="bbox 145 2913 1678 2962; baseline 0.001 -10"><span class='ocrx_word' id='word_1_401' title='bbox 145 2916 250 2952; x_wconf 79' lang='lat' dir='ltr'><strong>culae</strong></span> <span class='ocrx_word' id='word_1_402' title='bbox 287 2926 310 2951; x_wconf 82' lang='lat' dir='ltr'><strong>a</strong></span> <span class='ocrx_word' id='word_1_403' title='bbox 346 2913 450 2950; x_wconf 84' lang='lat' dir='ltr'><strong>miris</strong></span> <span class='ocrx_word' id='word_1_404' title='bbox 487 2913 526 2949; x_wconf 83' lang='lat' dir='ltr'><strong>id</strong></span> <span class='ocrx_word' id='word_1_405' title='bbox 564 2915 622 2949; x_wconf 87' lang='lat' dir='ltr'><strong>est</strong></span> <span class='ocrx_word' id='word_1_406' title='bbox 651 2914 844 2958; x_wconf 79' lang='lat' dir='ltr'><strong>monstris,</strong></span> <span class='ocrx_word' id='word_1_407' title='bbox 879 2925 903 2950; x_wconf 85' lang='lat' dir='ltr'><strong>a</strong></span> <span class='ocrx_word' id='word_1_408' title='bbox 935 2926 1010 2960; x_wconf 91' lang='lat' dir='ltr'><strong>quo</strong></span> <span class='ocrx_word' id='word_1_409' title='bbox 1041 2915 1176 2952; x_wconf 85' lang='lat' dir='ltr'><strong>Accius</strong></span> <span class='ocrx_word' id='word_1_410' title='bbox 1207 2917 1262 2952; x_wconf 82' lang='lat' dir='ltr'><strong>ait</strong></span> <span class='ocrx_word' id='word_1_411' title='bbox 1292 2927 1469 2962; x_wconf 86' lang='lat' dir='ltr'><strong>personas</strong></span> <span class='ocrx_word' id='word_1_412' title='bbox 1500 2916 1678 2954; x_wconf 81' lang='lat' dir='ltr'><strong>distortas</strong></span> 
     </span>
     <span class='ocr_line' id='line_1_53' title="bbox 144 2959 1461 3009; baseline 0.002 -10"><span class='ocrx_word' id='word_1_413' title='bbox 144 2963 270 3000; x_wconf 89' lang='lat' dir='ltr'><strong>oribus</strong></span> <span class='ocrx_word' id='word_1_414' title='bbox 289 2960 466 2998; x_wconf 82' lang='lat' dir='ltr'><strong>deformis</strong></span> <span class='ocrx_word' id='word_1_415' title='bbox 490 2959 678 2998; x_wconf 88' lang='lat' dir='ltr'><strong>miriones.</strong></span> <span class='ocrx_word' id='word_1_416' title='bbox 800 2965 843 2998; x_wconf 84' lang='grc'><strong>17</strong></span> <span class='ocrx_word' id='word_1_417' title='bbox 869 2962 1032 3009; x_wconf 85' lang='lat' dir='ltr'><strong>macere]</strong></span> <span class='ocrx_word' id='word_1_418' title='bbox 1062 2962 1191 2999; x_wconf 80' lang='lat' dir='ltr'><strong>Plaut.</strong></span> <span class='ocrx_word' id='word_1_419' title='bbox 1217 2965 1304 3000; x_wconf 84' lang='lat' dir='ltr'><strong>Aul.</strong></span> <span class='ocrx_word' id='word_1_420' title='bbox 1332 2967 1461 3008; x_wconf 80' lang='lat'>3,6‚28.</span> 
     </span>
    </p>
   </div>
   <div class='ocr_carea' id='block_1_12' title="bbox 1345 3023 1393 3060">
    <p class='ocr_par' dir='ltr' id='par_1_13' title="bbox 1345 3023 1393 3060">
     <span class='ocr_line' id='line_1_54' title="bbox 1345 3023 1393 3060; baseline 0 -15"><span class='ocrx_word' id='word_1_421' title='bbox 1345 3023 1393 3060; x_wconf 73' lang='grc' dir='ltr'><strong>ὅ*</strong></span> 
     </span>
    </p>
   </div>
  </div>
 </body>
</html>
