1898 3294
724 176 1052 231 '-27—

122 295 398 365 Comegit,
430 297 585 353 coegit.

122 353 468 412 Cumprimis,
500 356 711 413 inprimis.

137 414 366 471 Cauilla,
397 415 634 459 cauillatio.

138 474 305 532 Capta
346 478 680 532 tempestate,
721 478 917 530 tempore
962 476 1088 529 capto
1131 473 1173 515 id
1214 476 1281 515 est
1328 473 1420 515 sole
1465 472 1676 515 consulto.

101 552 119 580 a
197 537 483 591 tempestas
514 538 659 578 autem
692 537 833 577 status
866 533 975 577 caeli
1006 532 1176 576 dicitur.

138 592 391 649 Oitaricr,
421 594 619 638 celeriter
651 593 831 637 moueri.

138 652 346 709 Colore,
378 668 555 722 corpore
587 654 657 697 uel
690 656 799 696 cute.

137 711 383 769 Coepere,
414 713 614 769 incipere.

138 770 345 828 Censio,
377 773 533 828 multa,
571 788 656 829 qua
688 773 864 828 citatos,
901 773 939 815 si
970 786 1057 815 non
1089 771 1360 827 prodierant,
1399 785 1553 813 censor
1585 771 1678 813 affi-

86 850 120 877 ιο
198 832 353 876 ciebat.

139 890 259 936 Cum
297 907 372 935 me
411 893 473 935 sic
516 893 740 936 dicebatur
778 895 822 934 et
859 906 968 935 cum
1005 893 1074 947 te,
1118 890 1232 947 quod
1276 905 1390 933 nunc
1433 890 1676 946 elegantius

201 951 383 996 dicimus
417 951 604 996 ‘tecum’.

140 1009 426 1066 Cicindela,
457 1012 791 1056 scarabaeorum
823 1025 978 1067 genus,
1009 1010 1122 1067 quod
1155 1010 1310 1054 uolans
1337 1010 1463 1052 lucet.

139 1069 430 1127 Comptula,
462 1075 562 1128 apte
594 1074 748 1115 ornata
778 1071 848 1114 uel
880 1071 1046 1114 decora.

88 1147 121 1174 15
141 1128 388 1187 Cancros,
420 1132 646 1175 cancellos.

141 1186 436 1246 Commodo,
466 1194 639 1235 tantum
671 1191 801 1248 quod,
833 1206 930 1244 cum
960 1190 1159 1234 maxime.

142 1248 344 1306 Carisa,
375 1254 499 1294 uetus
532 1252 632 1294 lena
652 1251 901 1306 percallida,
931 1250 1044 1293 unde
1077 1253 1121 1292 et
1152 1250 1197 1292 in
1228 1250 1361 1292 mimo
1394 1249 1574 1292 fallaces
1606 1263 1679 1291 an·

201 1309 327 1354 ciliae
360 1310 473 1354 ‘cata
504 1310 678 1354 carisia’
711 1310 997 1367 appellantur.

142 1367 519 1426 Concinnatus,
549 1371 702 1414 factus,

87 1447 122 1472 κο
142 1428 530 1486 Concenturiat,
549 1430 740 1486 instruit,
771 1429 962 1473 ordinat:
995 1429 1157 1473 dictum
1189 1445 1215 1472 a
1234 1429 1573 1485 centurionibus,
1605 1429 1678 1485 qui

201 1489 365 1533 milites
398 1490 613 1534 ordinant.

143 1547 437 1606 Comptule,
469 1550 577 1593 bene
609 1564 659 1594 ac
690 1550 934 1607 diligenter.

239 1765 259 1798 2
286 1762 511 1817 Cumprimis
538 1764 588 1801 G:
621 1764 714 1801 Cum
737 1764 868 1811 primis
899 1763 951 1808 R,
988 1762 1210 1810 Comprimis
1236 1763 1293 1808 H,
1325 1763 1559 1810 Comprimus
1586 1763 1618 1799 0

144 1813 165 1844 6
191 1809 357 1865 citarier]
381 1811 538 1857 ylossam
563 1823 630 1848 om.
657 1812 746 1848 Mai
860 1816 882 1848 8
907 1811 1073 1858 incipere
1100 1811 1180 1847 CG:
1206 1811 1402 1857 incoepere
1428 1811 1479 1855 H,
1506 1811 1677 1857 incepcre

142 1856 179 1892 R
275 1861 296 1894 9
322 1859 458 1895 citatos
487 1860 537 1895 P.
564 1859 702 1896 citatus
716 1860 750 1896 G
772 1863 824 1906 lp
827 1860 1017 1896 rodierant
1041 1870 1105 1894 sec.
1130 1859 1343 1896 Mommsen.
1348 1860 1441 1905 ,qui
1459 1859 1572 1895 scribi
1598 1859 1678 1894 uult

143 1904 383 1950 prodirentu.
398 1906 445 1942 R.
466 1907 623 1943 Staatsr.
639 1908 684 1951 ΙΙ,
698 1912 780 1944 366.
792 1920 827 1944 n.
844 1912 882 1944 4:
904 1907 1109 1954 ponderum
1126 1907 1170 1952 P,
1190 1906 1367 1952 pederam
1385 1906 1535 1952 G(ade1
1537 1909 1604 1942 ant
1624 1908 1679 1952 p),

144 1955 346 1998 paruerunt
377 1954 498 1991 Klotz.
541 1957 627 1999 sor&
660 1955 818 1992 citatum
844 1954 1107 2001 —prodierat
1205 1959 1248 1990 12
1274 1956 1398 1991 tecum
1429 1966 1577 1991 mecum
1603 1955 1636 1990 G

147 2003 190 2035 13
215 1999 406 2037 Cicindela
422 2014 464 2047 p:
493 2002 702 2039 Cicindelas
731 2004 783 2049 P,
809 2002 1008 2040 Cicendela
1033 2003 1138 2039 bvam
1159 2002 1282 2046 Isid.1
1305 2003 1568 2038 scarabeorum
1594 2003 1684 2038 bva:

144 2058 363 2084 araneorum
402 2050 453 2094 P,
484 2050 746 2087 scarabeorum
776 2051 839 2087 uel
871 2061 1092 2086 araneorum
1118 2062 1148 2095 p
1179 2052 1184 2095 Ι
1214 2061 1258 2086 eo
1290 2051 1390 2096 quod
1421 2050 1596 2096 gradiens
1622 2049 1681 2086 uel

145 2094 277 2131 uolans
303 2096 337 2132 G
352 2097 447 2133 Isid.
555 2102 600 2134 14
626 2100 717 2144 apta
741 2102 780 2135 et
804 2100 938 2135 ornata
964 2098 996 2133 C
1108 2102 1152 2134 16
1178 2098 1322 2134 addunt
1348 2098 1400 2133 G:
1427 2109 1624 2144 praecares
1650 2098 1684 2140 b,

145 2153 352 2188 procanens
375 2155 409 2190 v,
435 2156 502 2191 pro
528 2157 638 2181 canes
664 2158 689 2182 a
788 2150 828 2182 17
856 2146 941 2182 lena
967 2146 1018 2182 G.
1044 2145 1132 2181 lana
1160 2146 1212 2190 P,
1238 2145 1336 2181 latro
1352 2157 1488 2200 maryo
1514 2145 1558 2181 H
1575 2146 1580 2189 Ι
1603 2156 1683 2199 per-

146 2189 268 2226 calida
293 2190 330 2227 R
430 2196 472 2228 18
499 2194 584 2230 cata
610 2193 744 2230 carisia
769 2194 830 2230 Η·
857 2192 1079 2230 catacarisia
1098 2192 1145 2236 R,
1172 2194 1259 2229 cata
1284 2192 1441 2229 carisiae
1462 2194 1516 2237 bv,
1542 2203 1684 2229 caricae

148 2237 225 2274 ΟΡ.
235 2250 275 2284 p.
291 2242 355 2284 98,
382 2241 468 2276 cata
499 2240 659 2278 carisula
684 2241 859 2287 Ribbeck,
886 2242 994 2277 eatae
1020 2239 1162 2277 carisae
1188 2241 1423 2277 Hildebraml
1444 2241 1449 2287 Ι
1471 2240 1685 2287 apellantur

147 2284 195 2321 0.
221 2286 512 2332 appellabantur
537 2302 565 2324 ω
675 2293 719 2325 22
746 2289 944 2335 Comptule
969 2288 1118 2334 scripsi:
1146 2288 1349 2336 Computet
1376 2289 1427 2334 P,
1454 2289 1625 2334 Conpuer
1651 2287 1682 2323 G

148 2332 154 2380 Ι
180 2332 277 2370 bene
301 2346 346 2371 ac
372 2336 423 2371 G:
448 2337 584 2372 ueneat
611 2337 648 2372 P

242 2433 263 2464 2
283 2430 515 2478 cumprimis]
542 2434 588 2477 cf.
603 2432 747 2470 Charis.
764 2433 833 2469 IV
849 2436 930 2476 268,
933 2436 989 2468 30.
1011 2432 1059 2467 Κ.
1075 2432 1166 2469 Gell
1183 2436 1274 2477 17,2‚
1281 2436 1333 2468 14.
1478 2437 1500 2468 3
1527 2431 1683 2478 cauilla]

149 2476 277 2512 Plaut.
290 2477 380 2514 Aul.
394 2483 463 2524 4„4
470 2484 523 2516 11.
627 2484 649 2517 8
676 2491 741 2517 coe
769 2480 848 2528 ere]
877 2481 1004 2517 Plaut.
1033 2480 1410 2524 Per⁸.1,‚341.1⁴⁷.est
1435 2480 1545 2515 Paul.
1565 2484 1683 2523 59,11.

147 2523 247 2560 Non.
266 2529 382 2569 89,14.
504 2531 526 2563 9
553 2527 694 2575 censio]
761 2532 820 2566 est.
844 2529 955 2564 Paul.
976 2531 1069 2572 54,.5
1096 2527 1316 2564 Censionem
1340 2527 1465 2564 facere
1490 2527 1686 2563 dicebatur

148 2582 291 2663 {3¹:321
310 2553 616 2668 iffiffiinssigffff
633 2575 767 2660 233⁰*
798 2555 1078 2670 ιῖἔοῇῗέἒεῖα]
1106 2575 1416 2667 ἐὲεὲῗῗεῖἓῗὲ
1441 2575 1559 2660 IF'ZY
1572 2575 1685 2658 ιῖἓίῖ

148 2646 265 2709 42,1’3.
303 2667 505 2715 Cicindela,
530 2681 647 2717 genus
671 2683 902 2717 muscarum,
934 2671 1035 2717 quod
1060 2672 1173 2707 noctu
1197 2670 1316 2715 lucet,
1337 2651 1527 2707 uidelicet
1551 2682 1574 2706 a
1600 2682 1684 2705 can—

149 2693 244 2757 dela,
266 2714 364 2751 unde
377 2716 492 2753 etiam
511 2718 737 2756 candelabra
755 2720 936 2765 putantur
934 2683 1159 2765 qappellata.
1179 2719 1226 2763 cf.
1249 2719 1350 2755 Plin.
1365 2718 1415 2755 N.
1432 2719 1482 2754 H.
1499 2723 1555 2763 18,
1568 2722 1588 2761 ξ
1602 2722 1683 2754 250.

150 2766 194 2797 15
220 2763 390 2809 cancros]
421 2763 521 2801 Fest.
559 2765 672 2802 Paul.
699 2771 797 2810 46,.2
958 2770 1002 2802 16
1035 2765 1250 2813 commodo]
1287 2766 1415 2802 Plaut
1448 2747 1594 2801 Friubl
1623 2777 1683 2810 ap.

150 2809 294 2845 Charis.
316 2810 372 2844 II
392 2814 505 2856 196,.9
525 2812 575 2849 Κ.
674 2817 717 2850 17
744 2814 889 2861 Carisa]
906 2813 1004 2849 Fest.
1028 2813 1137 2850 Paul.
1158 2817 1251 2858 44,3.
1272 2815 1378 2860 yloss.
1406 2814 1499 2849 leid.
1527 2812 1685 2854 Carissa,

149 2856 236 2892 lena
260 2858 368 2893 uetus
394 2860 433 2894 et
456 2840 640 2906 litigiosa,
676 2861 814 2898 ancilla
838 2861 968 2897 dolosa
990 2859 1119 2896 fallax.
1264 2865 1310 2896 20
1337 2860 1611 2907 concenturiat]
1638 2861 1684 2904 cf.

152 2904 279 2941 Plaut.
308 2905 530 2951 Pseud.1‚‚5
535 2911 613 2944 159.
637 2908 741 2945 Trin.
761 2913 832 2953 4,,2
836 2913 915 2945 160.
934 2908 1034 2944 Non.
1056 2911 1171 2953 11,1e.
1210 2907 1481 2944 Concenturiae
1501 2909 1557 2944 cst
1581 2907 1683 2944 colli·-

150 2962 256 2999 gere:
282 2951 425 2989 dictum
451 2966 474 2991 a
498 2955 676 2992 centuriis
701 2967 797 3003 quae
823 2956 871 2992 ad
896 2954 1074 3002 suffragia
1105 2955 1389 2992 conueniebant.
