1898 3294
734 164 1030 209 ..77-

111 277 514 334 Promulgatum
550 276 619 318 est
654 274 772 317 foras
804 271 1027 328 prolatum
1056 270 1128 314 uel
1161 269 1464 324 constitutum,
1501 269 1551 310 ut
1582 266 1651 309 lex

172 337 330 381 dieitur
379 335 670 393 promulgata.
737 331 1109 389 prouulgatum
1168 332 1313 373 autem
1364 328 1407 370 in
1457 326 1650 370 omnium

170 396 375 440 notitiam
408 398 452 438 et
482 395 617 438 totius
650 392 772 448 uulgi
804 390 1066 434 intimatum.

112 454 367 511 Pellaeis,
389 469 468 510 per
497 452 734 497 blanditias
766 450 1036 506 decipientis.

74 530 94 557 υ
111 515 228 559 Pila
257 515 295 558 si
326 514 473 557 breuis
498 514 543 570 pi
574 512 760 568 syllaba,
791 509 931 553 omnis
952 508 1197 552 rotunditas
1224 511 1272 550 ut
1297 507 1349 550 de
1374 507 1496 563 ligno
1522 506 1651 562 facta,

171 589 258 632 qua
286 573 410 630 pueri
439 573 486 616 in
522 571 694 615 triuuiis
734 569 898 612 ludunt.
950 568 987 611 si
1017 568 1064 624 pi
1095 568 1230 624 longa
1249 569 1333 622 est,
1364 566 1477 622 pila
1506 566 1650 609 dicun-

172 637 247 678 tur
287 633 380 676 tela
428 631 610 688 grandia
652 630 698 673 in
735 628 852 672 bello
898 628 1146 671 necessaria
1189 626 1360 683 generis
1397 626 1560 681 neutri,
1603 628 1651 668 ut

173 691 272 737 ‘hoe
310 690 463 749 pilum'
504 694 549 734 et
587 690 710 733 ‘haec
746 687 866 745 pila'.
924 687 1032 731 item
1068 687 1233 743 pilam
1270 686 1453 729 dicimus
1493 699 1650 741 genere

171 752 381 813 feminino
427 750 549 794 ‘haee
596 748 702 806 pila'
748 748 1091 792 sustentaculum
1133 746 1286 790 domus
1330 748 1374 789 et
1419 745 1652 789 cuiuslibet

61 828 96 855 ιο
173 812 370 856 aedificii.

111 871 428 916 Phalaricae
461 873 563 914 sunt
593 870 683 913 tela
714 869 882 911 maiora
911 866 1014 923 pilis
1040 866 1158 909 bello
1190 863 1448 909 necessaria.

111 931 176 975 Ps
188 930 456 975 eudomeni
469 930 669 973 dicuntur
682 929 876 980 fallaces,
897 927 971 983 qui
989 940 1082 969 rem
1101 925 1294 982 aliquam
1319 924 1651 968 mentitionibus

171 993 384 1035 conantur
414 990 634 1045 adserere,
673 991 722 1032 ut
758 987 940 1031 dicimus
972 986 1024 1029 de
1055 985 1348 1042 philosophis,
1379 985 1453 1041 qui
1484 984 1652 1027 dicunt:

173 1049 236 1094 ‘si-
257 1050 353 1093 dieo
385 1065 452 1093 me
484 1049 661 1092 mentiri
692 1050 736 1091 et
765 1046 972 1102 mentior,
1002 1060 1154 1089 uerum
1184 1044 1310 1088 dico'.
1491 1096 1494 1099 ‚

62 1126 95 1153 ιε
113 1110 300 1167 Pegma
337 1113 406 1153 est
442 1123 579 1166 genus
618 1106 957 1151 machinamenti
994 1105 1040 1148 in
1070 1105 1256 1148 theatris
1289 1103 1485 1147 exhiberi
1518 1104 1651 1159 soliti,

174 1185 258 1226 quo
291 1173 383 1213 arte
414 1168 666 1212 mechanica
699 1166 857 1210 scenici
888 1166 1043 1208 ludunt
1073 1165 1208 1208 uariis
1239 1164 1392 1207 modis.

113 1229 549 1286 Pseudothyrum‚
610 1227 844 1284 posticum,
900 1226 944 1268 id
993 1228 1061 1268 est
1108 1224 1250 1268 latens
1302 1224 1484 1279 ostium,
1536 1223 1649 1280 quod

173 1291 388 1333 semotum
419 1292 486 1332 est
517 1304 543 1331 a
571 1287 760 1344 publico.

113 1349 339 1392 Pinaces
377 1349 578 1392 dicuntur
614 1347 829 1403 imagines
867 1345 976 1388 mire
1015 1344 1232 1400 depictae,
1275 1343 1320 1386 id
1363 1346 1431 1386 est
1473 1343 1651 1386 tabulae

60 1424 95 1451 20
174 1423 440 1458 marmoreae
473 1407 688 1464 aequales.
725 1407 832 1450 item
861 1405 1078 1461 pinaces
1111 1417 1271 1460 genera
1301 1417 1506 1446 uasorum
1539 1406 1652 1445 sunt.

114 1468 341 1525 Physica
371 1482 575 1525 graecum
601 1469 679 1523 est,
710 1466 753 1509 id
773 1468 841 1509 est
860 1464 1096 1508 naturalia.
1134 1463 1317 1520 physis
1350 1463 1467 1505 enim
1499 1476 1653 1519 graece

172 1531 330 1572 natura
361 1528 520 1571 dicitur
550 1542 706 1570 rerum.

114 1587 475 1644 Penthesilea,
523 1586 795 1630 Amazonum
840 1585 1004 1641 regina.
1072 1582 1316 1626 Amazones
1373 1597 1477 1625 uero
1528 1584 1653 1624 erant

172 1647 358 1698 {eminae
376 1647 624 1691 bellatrices
644 1661 695 1689 ex
721 1659 877 1702 genere
898 1643 1156 1700 Scytharum
1187 1642 1507 1685 descendentes.
1538 1641 1651 1684 hanc

61 1723 96 1750 25
176 1722 280 1767 ergo
310 1707 527 1750 Homerus
559 1705 795 1750 introducit
825 1707 1020 1760 tempore
1051 1703 1156 1746 belli
1187 1702 1335 1745 Troici
1366 1702 1412 1744 in
1443 1701 1654 1744 auxilium

175 1767 349 1811 Priamo
387 1767 575 1822 uenisse,
619 1780 750 1822 quam
791 1763 1007 1820 Achilles,
1048 1778 1157 1806 unus
1196 1761 1460 1805 Graecorum
1498 1761 1653 1804 ducum

179 1827 463 1883 fortissimus,
495 1826 664 1870 oceidit.

116 1887 268 1930 Pelta
311 1890 380 1930 est
422 1899 557 1943 genus
596 1885 709 1929 scuti
745 1885 792 1927 in
833 1883 1009 1927 modum
1052 1883 1180 1926 lunae
1219 1882 1351 1924 semis
1395 1881 1466 1924 uel
1510 1881 1652 1936 magis

213 2081 234 2112 2
266 2076 399 2123 prouul
428 2077 532 2112 atum
577 2075 729 2120 scripsi:
772 2073 1053 2120 promulgatum
1093 2072 1181 2108 libri
1349 2075 1372 2105 4
1415 2070 1575 2107 Pellaeis
1613 2081 1652 2106 v:

119 2124 303 2160 Pellaeias
335 2089 542 2170 (Pefiatias)
577 2123 614 2157 P
639 2125 645 2168 Ι
672 2134 739 2169 per
769 2123 854 2158 add.
886 2121 1041 2156 Kettner
1071 2132 1088 2156 e
1119 2120 1250 2155 Seruio
1403 2123 1424 2154 5
1450 2122 1483 2154 et
1507 2116 1596 2153 item'
1616 2130 1652 2154 u.

119 2177 140 2208 6
165 2171 207 2218 pi
233 2171 313 2208 OG:
339 2184 365 2218 p
392 2171 469 2207 HR
565 2175 587 2206 9
613 2173 653 2207 et
679 2171 731 2206 P:
757 2172 824 2205 aut
848 2169 883 2205 G
981 2172 1023 2204 11
1050 2167 1270 2203 Phalarieae
1295 2166 1389 2202 RG:
1420 2165 1587 2202 Palerice
1614 2165 1653 2207 G,

117 2219 306 2256 Phalerici
330 2220 375 2255 H
475 2223 517 2254 12
543 2217 784 2254 Pseusomeni
810 2217 841 2253 Ο
859 2218 864 2262 Ι
886 2215 1137 2252 mentionibus
1163 2215 1252 2250 libri
1355 2218 1399 2249 13
1425 2213 1583 2249 dicimus
1610 2213 1653 2248 C:

119 2267 282 2304 diximus
307 2280 336 2302 ω
359 2268 365 2313 Ι
387 2267 517 2303 dieunt
541 2265 638 2301 HR:
665 2265 838 2301 dicuntur
865 2264 904 2310 0,
929 2264 1036 2300 aiunt
1060 2274 1118 2299 vm
1247 2266 1291 2298 14
1315 2273 1375 2298 me
1401 2262 1613 2297 addidimus
1637 2271 1656 2296 e

120 2315 237 2351 Gellio
259 2317 264 2360 Ι
285 2314 437 2351 mentiri
468 2314 519 2350 G:
550 2313 727 2350 mentm-ii
759 2313 796 2348 P
815 2315 821 2359 Ι
842 2311 1003 2347 mentior
1027 2322 1065 2346 v:
1098 2321 1173 2346 non
1196 2310 1358 2346 mentior
1381 2321 1447 2354 mr,
1473 2309 1654 2344 mentitur

122 2363 159 2398 P
255 2367 297 2399 17
324 2362 623 2408 Pseudothyrum
647 2361 701 2396 122
726 2359 1027 2396 Pseudothirium
1046 2359 1105 2402 H,
1129 2358 1399 2396 Eseudotorum
1421 2356 1465 2402 Ο,
1490 2356 1652 2392 Pseudo-

121 2421 247 2447 eorum
271 2422 293 2446 v
462 2412 507 2445 18
533 2420 556 2445 a
585 2407 736 2455 publico
771 2418 838 2443 om.
863 2407 900 2443 R
947 2437 953 2442 .
1070 2410 1113 2442 19
1139 2406 1231 2442 mire
1257 2405 1333 2441 Rv:
1363 2404 1480 2440 mirae
1505 2405 1582 2439 Hm

121 2462 167 2494 20
190 2458 367 2504 pinnaees
393 2458 438 2503 G,
462 2468 620 2503 penaees
647 2456 684 2491 P
703 2458 708 2501 1
730 2466 867 2502 genera
891 2454 1000 2490 Rmr:
1026 2465 1161 2500 genere
1186 2453 1248 2488 Hv
1370 2456 1416 2488 23
1442 2452 1653 2488 Pentesilea

125 2504 177 2542 P:
203 2504 404 2542 Pentesilia
429 2505 463 2541 G·
559 2509 605 2541 25
631 2502 839 2540 introduxit
863 2502 898 2539 G

215 2556 239 2588 4
268 2552 439 2599 pellacis]
478 2552 582 2588 Seru.
614 2552 706 2587 Aen.
738 2554 830 2597 2‚90.
875 2549 1051 2595 Pellaeis,
1083 2560 1150 2595 per
1181 2547 1386 2589 blanditias
1418 2546 1650 2594 decipientis.

121 2600 297 2646 pellicere
322 2600 421 2636 enim
447 2602 504 2636 est
526 2598 753 2636 blandiendo
778 2598 922 2635 elicere.
980 2623 985 2629 v-
1058 2601 1101 2632 12
1126 2595 1385 2642 pseudomeni]
1415 2595 1487 2630 ΟΡ
1503 2607 1544 2640 p.
1570 2599 1651 2630 464.

122 2647 400 2684 Pseudomenus
424 2647 463 2682 id
488 2648 545 2683 est
568 2647 694 2683 fallax.
727 2647 817 2682 ibid.
837 2657 878 2691 p.
905 2649 985 2682 480.
1023 2645 1320 2688 Pseudomenus‚
1345 2643 1534 2689 deceptor.
1561 2643 1650 2678 (r'ell.

123 2700 274 2741 18,2,10.
303 2694 520 2739 Quaesitum
538 2694 592 2730 ibi
611 2696 679 2739 est,
704 2705 799 2739 quae
819 2695 917 2729 esset
934 2692 1045 2728 huius
1065 2703 1214 2738 quoque
1233 2691 1470 2737 sophismatis
1495 2690 1651 2726 solutio:

124 2743 225 2779 ‘eum
249 2742 409 2779 mentior
427 2745 466 2778 et
489 2742 639 2778 mentiri
663 2754 723 2778 me
743 2741 839 2786 dico,
864 2740 1026 2776 mentior
1051 2751 1098 2775 an
1123 2751 1254 2775 uerum
1277 2738 1401 2774 dieo?
1432 2737 1504 2773 Cic.
1530 2738 1651 2773 diwin.

121 2794 249 2836 2,4,11.
277 2789 470 2834 Quomodo
482 2791 608 2825 autem
621 2789 875 2832 mentientem,
895 2799 1007 2833 quem
1025 2784 1265 2832 ψευδόμενον
1278 2787 1426 2830 uocant,
1446 2785 1653 2820 dissoluas?

123 2843 167 2875 1⁶
192 2838 346 2886 pegma]
372 2838 493 2874 Seme.
518 2837 621 2882 epist.
646 2839 703 2873 88.
871 2838 916 2870 28
942 2834 1062 2881 pelta]
1095 2834 1198 2870 Seru.
1225 2834 1317 2869 Aen.
1347 2836 1460 2876 1‚490.
1499 2832 1653 2867 Lunatis

121 2886 251 2933 peltis,
276 2885 391 2923 scutis
416 2883 643 2920 breuissimis
661 2884 701 2919 in
719 2883 872 2919 modum
895 2882 1006 2918 lunae
1030 2881 1107 2930 iam
1131 2881 1275 2917 mediae
1300 2883 1359 2926 (=
1375 2880 1651 2925 Isicl.18‚12‚4).

121 2934 221 2971 Non.
248 2937 363 2978 555,7.
391 2932 539 2977 Peltae‚
564 2932 670 2968 scuta
693 2930 929 2967 Amazoniea.
