1898 3294
876 207 1165 249 -66-

255 313 415 356 Moris
454 313 659 368 quippe,
702 312 836 355 habet
866 326 1031 355 morem
1062 312 1131 356 uel
1163 312 1515 356 consuetudinem
1544 311 1615 354 uel
1645 326 1782 355 usum.

256 372 503 414 Meticulo
516 387 618 427 8118,
649 371 915 414 metuendus.

255 431 335 473 Mu
344 431 482 486 nicip
495 446 516 473 e
526 446 565 486 8,
609 431 835 473 curialium
878 430 1083 486 maiores,
1126 444 1177 472 ex
1220 445 1270 474 eo
1315 430 1428 486 quod
1470 444 1647 472 munera
1683 429 1783 473 ,fisci

315 490 430 532 idem
462 490 687 545 accipiant.

222 562 238 587 5
258 548 518 591 Mordicus
549 551 751 604 tenens,
783 564 931 592 morsu
963 549 1086 605 quasi
1116 552 1278 592 tenens.

255 607 301 650 M
309 609 385 650 uti
394 609 409 650 1
419 623 501 650 are
534 611 601 650 est
632 609 795 664 aliquid
804 642 815 663 ,
854 608 966 664 quod
997 609 1055 651 sit
1085 608 1321 664 integrum,
1358 609 1628 664 detruncare,
1663 610 1714 651 ut
1744 607 1782 651 si

315 667 410 723 quis
450 667 616 710 homini
653 682 829 710 manum
860 670 1073 723 amputet,
1105 663 1326 710 mutilabit
1358 682 1471 723 eum,
1509 670 1584 710 aut
1615 667 1782 710 arboris

314 729 483 781 partem
515 726 704 794 aliquam
735 727 806 768 uel
839 726 1036 769 aedificii.

255 785 301 828 M
310 800 369 827 en
379 799 400 827 6
409 800 438 827 11
448 800 470 827 6
480 800 505 828 3
541 786 587 827 111
625 786 797 828 cerebro
835 786 1090 828 membrana
1127 785 1335 841 quaedam
1373 785 1444 827 1161
1475 800 1575 840 pars
1607 785 1783 828 cerebri.

206 858 239 882 10
318 846 384 886 est
415 847 559 887 autem
592 858 805 900 graecum.

256 903 440 958 Magno
473 918 625 959 opere
656 905 762 961 †est
793 903 847 947 ad
865 917 1072 959 magnum
1091 918 1198 959 opus
1231 918 1322 946 6886
1355 918 1613 960 quemquam
1643 917 1784 946 neces-

316 978 490 1005 sarium.

255 1021 300 1063 M
309 1022 493 1064 initari
525 1024 592 1065 est
622 1021 752 1064 alicui
782 1023 937 1078 plagas
968 1022 1040 1064 uel
1073 1020 1222 1065 caedes
1255 1022 1423 1064 minari.

256 1081 398 1137 †Mul
408 1081 616 1136 citator⁷
648 1081 871 1138 delinitor,
903 1082 1178 1137 compositor.
1214 1082 1437 1124 mulcere
1458 1081 1571 1123 enim
1603 1081 1783 1124 delinire

203 1153 237 1179 15
316 1143 399 1196 est,
431 1156 457 1183 a
487 1141 627 1183 mulso
660 1141 833 1184 dictum.

255 1198 434 1242 Moliri
466 1200 613 1242 conari
644 1203 711 1242 est
742 1203 818 1243 aut
850 1200 1014 1255 aliquid
1045 1215 1141 1243 cum
1173 1214 1296 1242 mora
1327 1213 1467 1255 agere.

255 1258 300 1300 M
311 1258 510 1301 anticul
519 1259 645 1315 atio,
675 1259 853 1302 fallacia
883 1259 953 1302 uel
985 1259 1259 1303 lenocinium.

254 1317 363 1360 Mur
372 1318 422 1373 gi
433 1333 452 1360 s
461 1332 506 1374 0,
537 1318 706 1375 irrisor,
737 1318 902 1362 illusor.

255 1376 340 1433 †M
349 1392 374 1419 a
382 1392 401 1419 8
410 1377 425 1419 1
433 1392 458 1419 0
466 1410 478 1433 ,
508 1377 637 1420 111310.

203 1449 237 1475 20
256 1436 419 1479 Manti
428 1436 611 1492 61113111,
642 1436 876 1479 uiatoriam
905 1417 1066 1493 peram.

254 1495 301 1538 M
310 1495 693 1551 anifestarium,
723 1499 950 1538 nocentem
981 1497 1054 1539 uel
1084 1496 1274 1539 noxium.

254 1554 570 1598 Mulcantem
614 1570 903 1611 aerumnas,
938 1556 1092 1598 misere
1135 1556 1368 1598 uiuentem.
1431 1570 1673 1599 aerumna
1715 1558 1783 1598 est

314 1614 502 1657 miseria.
1740 1610 1749 1614 ’

255 1673 604 1729 Magmentum
641 1674 718 1717 alii
754 1674 1089 1730 pinguissimum
1121 1677 1314 1718 extorum
1320 1708 1332 1731 ‚
1363 1674 1440 1717 alii
1471 1675 1657 1718 secunda
1685 1689 1782 1730 pro·

352 1819 369 1850 1
396 1827 504 1850 usum
536 1814 651 1850 habet
681 1814 715 1849 G
876 1819 900 1850 4
934 1814 1033 1850 idem
1058 1814 1246 1860 accipiant
1271 1815 1320 1850 G:
1347 1814 1625 1860 demancipiant
1647 1814 1697 1860 R,
1721 1814 1782 1850 de-

255 1862 473 1908 mancipant
496 1863 542 1897 H
640 1865 660 1897 7
686 1861 880 1897 mutilauit
904 1861 939 1897 G
1045 1867 1066 1898 8
1092 1862 1250 1898 aedificii
1275 1861 1421 1897 auferat
1445 1862 1479 1897 G
1563 1866 1618 1897 11
1644 1861 1782 1908 Magno

255 1921 366 1955 opere
390 1921 454 1945 va:
479 1910 707 1964 Magnopere
735 1908 826 1944 Pmr
973 1913 1017 1944 14
1041 1909 1258 1945 Mulcitator
1280 1910 1432 1954 scripsi:
1458 1909 1661 1945 Mulctator
1684 1909 1730 1944 H
1748 1912 1783 1944 et

254 1957 494 2002 Dieffcnbach
523 1958 566 1992 in
594 1957 699 2002 yzoss.
732 1956 755 1991 l.
785 1967 894 2001 yerm.
929 1960 1030 1992 1851.
1063 1960 1096 1992 et
1125 1957 1167 1992 in
1196 1967 1281 1992 ‘nou
1312 1956 1782 2010 yloss.1867.,Mulcator

253 2004 327 2039 RG
355 2004 498 2049 Papias
523 2005 632 2047 Isid„
656 2003 870 2039 Mulsitator
894 2003 1047 2039 Ketmer
1163 2008 1206 2039 16
1231 2004 1358 2039 conari
1383 2005 1440 2039 est
1465 2003 1515 2038 G:
1541 1984 1720 2039 conamen
1748 2002 1785 2037 P

257 2051 262 2098 Ι
288 2053 355 2087 aut
378 2062 461 2087 ‘nos-
487 2053 545 2087 est
572 2051 618 2094 P,
644 2052 683 2086 et
707 2050 742 2086 G
845 2054 887 2086 17
914 2051 1171 2086 Menticulatio
1196 2051 1242 2085 H
1259 2053 1263 2096 Ι
1285 2050 1510 2087 lenocinium
1535 2051 1585 2086 G.
1611 2050 1784 2086 161101ῖί813

258 2099 294 2133 Ρ
437 2101 499 2134 18
506 2097 709 2144 Murgissor
737 2098 790 2142 P,
815 2098 1007 2143 Murgison
1030 2110 1149 2143 vamr,
1174 2098 1359 2144 Murgisso
1387 2097 1547 2144 Papias,
1572 2098 1782 2144 Murgisson

254 2146 399 2182 Duebn.
425 2147 525 2182 codd.
547 2147 665 2191 paris.
689 2147 693 2190 Ι
715 2145 845 2181 illusor
873 2145 1033 2190 Papias:
1058 2146 1160 2181 lusor
1186 2145 1257 2181 PG
1354 2149 1396 2181 19
1422 2145 1542 2181 Μ3810
1571 2146 1616 2189 Ρ,
1642 2145 1780 2181 Μ38810

259 2193 303 2230 G.
330 2195 414 2237 fort.
442 2193 608 2229 Matiano
635 2192 850 2238 (Mattiano)
873 2194 877 2237 Ι
898 2193 999 2229 111310
1023 2193 1077 2228 R:
1102 2192 1217 2229 Malio
1242 2193 1294 2238 H,
1319 2193 1433 2228 mallo
1459 2192 1494 2228 G
1610 2196 1656 2228 24
1680 2193 1785 2238 Mag-

255 2243 419 2276 mentem
448 2241 484 2275 P
504 2242 510 2286 Ι
531 2242 700 2276 extorum
726 2241 900 2275 Mueller.
935 2242 1102 2276 exterum
1127 2240 1172 2285 G,
1204 2242 1243 2275 et
1267 2241 1346 2275 cete
1374 2240 1412 2284 Ο,
1438 2250 1631 2275 excernere
1656 2239 1735 2274 HR

351 2292 371 2323 3
398 2287 619 2334 municipes]
641 2304 685 2317 =
705 2288 802 2322 Isid.
827 2287 876 2323 D.
904 2287 944 2323 V.
964 2292 1046 2323 371.
1132 2291 1153 2322 9
1173 2288 1367 2334 menenca]
1388 2303 1432 2316 =
1453 2288 1596 2341 μῇνιγξ.
1620 2287 1780 2332 Papias.

255 2335 431 2380 Menigan
462 2335 728 2380 (meningamP)
760 2334 893 2370 Graeci
923 2336 1059 2370 uocant
1094 2334 1349 2370 membranam
1380 2334 1524 2379 capitis.
1573 2335 1624 2370 id.
1655 2333 1782 2369 Meuia

257 2382 482 2428 (meningaP)
514 2393 647 2428 graece
677 2381 934 2417 membranula
965 2382 1106 2418 cerebri
1136 2382 1198 2417 uel
1226 2381 1368 2417 uentris
1394 2381 1539 2417 dicitur.
1644 2385 1687 2416 13
1713 2381 1780 2416 mi-

254 2429 382 2475 nitari]
424 2429 632 2465 minitarier
664 2429 792 2464 Plaut.
836 2432 940 2474 3‚4,3.
983 2430 1119 2465 Bacch.
1161 2433 1288 2474 1‚2‚44.
1458 2432 1503 2463 14
1548 2428 1778 2474 mulcitator]

255 2478 350 2512 Isid.
379 2481 516 2520 10,179.
555 2477 739 2512 Mulcator
763 2487 806 2512 eo
833 2477 931 2522 quod
950 2477 1097 2512 blandis
1117 2476 1240 2512 uerbis
1258 2475 1422 2511 muleeat
1446 2475 1494 2510 ad
1518 2475 1781 2511 declinandum

256 2524 431 2561 animum.
476 2524 671 2560 translatio
697 2535 720 2559 a
742 2523 881 2568 mulso,
907 2523 946 2559 id
972 2525 1028 2560 est
1052 2523 1151 2569 quod
1176 2525 1370 2569 acceptum
1395 2522 1509 2558 lenire
1535 2522 1631 2558 solet
1654 2523 1779 2558 fauces

254 2571 422 2607 dolentes
459 2573 525 2607 aut
560 2571 754 2616 oppletum
790 2571 957 2607 sordibus
994 2571 1238 2607 stomachum.
1406 2573 1450 2604 18
1475 2570 1655 2616 murgiso]
1681 2570 1779 2605 Fest.

257 2619 368 2654 Paul.
395 2622 532 2662 144,11.
577 2618 830 2665 Murgisonem
861 2618 1034 2654 dixerunt
1063 2630 1087 2653 a
1115 2628 1220 2653 mora
1245 2619 1283 2653 et
1313 2617 1508 2654 decisione.
1551 2618 1655 2663 yloss.
1682 2617 1777 2653 Isia.

254 2665 438 2711 Murgiso,
463 2665 620 2701 callidus
645 2666 904 2701 murmurator.
1003 2669 1045 2700 19
1071 2665 1206 2711 masio]
1233 2665 1282 2700 ad
1305 2675 1341 2700 u.
1367 2663 1572 2700 matianum
1598 2676 1634 2700 u.
1655 2665 1777 2700 Macr.

254 2713 333 2748 Sat.
353 2716 481 2757 3‚19‚2.
507 2714 601 2748 Isid.
625 2717 750 2756 17‚7,3.
772 2712 875 2748 Plin.
899 2715 940 2747 15
961 2716 980 2755 ἓ
1000 2716 1057 2749 49.
1084 2712 1219 2747 Colum.
1240 2715 1390 2756 5‚10,12.
1465 2715 1509 2746 20
1534 2711 1779 2747 manticulam

254 2760 353 2795 Fest.
387 2764 526 2805 133‚18.
563 2759 851 2795 Manticularum
885 2772 972 2795 118118
1005 2759 1228 2805 pauperibus
1265 2759 1306 2794 in
1340 2759 1501 2794 nummis
1535 2759 1776 2794 recondendis

255 2807 369 2842 etiam
393 2809 520 2843 nostro
546 2807 693 2843 saeculo
717 2806 799 2842 fuit.
967 2811 1010 2842 21
1037 2805 1348 2853 manifestarium]
1383 2806 1511 2841 Plaut.
1537 2806 1624 2843 Aul.
1649 2809 1778 2850 3,4,10.

258 2855 361 2889 Tria.
377 2858 505 2899 4,2‚50.
528 2854 599 2890 ΟΡ
609 2866 650 2900 p.
671 2858 750 2889 335.
776 2854 1064 2899 Manifestarius,
1088 2853 1128 2889 id
1147 2855 1204 2889 est
1216 2855 1344 2899 aperte
1364 2853 1505 2899 aliquid
1524 2854 1563 2888 et
1581 2852 1776 2888 manifeste

253 2901 405 2937 faciens.
572 2906 619 2937 24
649 2902 920 2948 magmentum]
960 2901 1067 2938 Varr.
1099 2901 1145 2936 L.
1160 2901 1214 2937 ·L.
1241 2904 1356 2947 5‚112.
1389 2900 1487 2937 Fest.
1517 2899 1628 2937 Paul.
1662 2903 1775 2945 128,4.

254 2948 356 2986 Seru.
383 2949 475 2984 Aen.
501 2953 592 2995 4,57.
