1898 3294
865 214 1150 256 -68-

246 318 291 361 M
301 318 383 360 010
393 333 415 360 0
423 333 444 360 1·
453 334 480 360 11
489 333 531 360 m
538 352 550 374 ,
582 318 797 374 morbum,
830 333 956 374 quem
989 318 1142 362 Graeci
1173 318 1428 375 μυλήκορον
1459 319 1618 362 dicunt.

246 377 378 419 Male
411 391 503 419 con
514 377 703 419 sultum
734 377 763 418 h
773 378 835 419 ab
845 380 912 432 et,
943 379 1055 420 male
1088 379 1306 421 consultat
1337 382 1381 421 et
1412 379 1525 421 male
1557 379 1736 434 cogitat.

246 436 291 478 M
299 452 324 477 u
335 451 363 477 n
371 436 386 477 i
394 436 433 477 fi
442 451 464 478 c
473 452 526 478 ar
535 451 574 491 e,
606 437 854 478 muneribus
885 437 1111 480 honorare.

246 495 291 536 M
300 510 361 536 an
369 495 395 536 d
404 511 431 537 u
441 510 497 537 cu
506 511 566 550 m,
598 495 787 550 ligneam
819 495 1008 539 hominis
1034 497 1220 552 figuram
1251 497 1488 552 ingentem,
1520 512 1628 552 quae
1661 497 1774 540 solet

211 567 227 593 5
307 554 420 596 ludis
454 555 716 597 circensibus
749 555 886 598 malas
918 570 1091 598 mouere
1123 556 1176 598 ad
1208 557 1331 612 quasi
1362 556 1715 599 manducandum.

729 756 898 800 Glossae
920 771 998 812 per
1029 758 1080 800 N
1105 758 1295 800 litteram.

245 851 288 894 N
297 867 322 893 a
331 867 359 893 u
367 854 386 894 t
395 866 416 893 e
426 866 468 906 a,
500 866 613 907 aqua
644 852 771 893 coriis
802 851 981 907 foetida,
1012 852 1058 894 in
1090 867 1174 907 qua
1203 852 1368 894 corium
1399 855 1654 896 maceratur.

244 911 287 953 N
297 911 385 953 anf
388 927 415 952 u
426 926 528 966 rae,
561 911 673 966 quod
705 910 859 952 medici
891 910 1131 967 ‘naphtam'
1163 914 1330 954 uocant.

245 970 373 1013 Num
382 985 433 1012 er
442 985 485 1025 0,
516 984 718 1026 propere,
749 970 966 1012 uelociter.

195 1043 228 1066 1⁰
248 1028 324 1085 ΤΑ
334 1029 479 1071 rther
489 1032 696 1084 aterem,
729 1029 969 1084 aruspicem
1001 1029 1200 1072 Tuscum.

244 1089 287 1131 N
295 1103 319 1130 0
330 1103 360 1130 11
392 1089 605 1144 quitum,
635 1103 724 1131 non
753 1089 1047 1143 impetratum.

244 1148 535 1203 Noscitate,
567 1148 786 1215 inquirite.

243 1207 286 1250 N
295 1221 318 1248 ο
330 1222 351 1248 0
361 1220 524 1262 geum,
554 1207 728 1262 nigrum
759 1207 941 1262 pallium
972 1210 1113 1249 tenue.

244 1266 456 1322 Narria,
487 1267 632 1321 piscis.

192 1338 224 1363 15
244 1325 286 1367 N
295 1340 317 1366 e
325 1325 371 1367 fr
379 1340 401 1367 0
409 1340 439 1367 11
447 1326 473 1367 d
482 1340 503 1367 e
511 1341 572 1380 m,
604 1325 813 1368 infantem
833 1326 1023 1367 nondum
1043 1326 1282 1380 dentatum,
1315 1326 1388 1381 qui
1413 1325 1607 1368 frendere
1627 1327 1773 1369 cibum

303 1384 493 1427 nondum
525 1359 691 1440 didicit,
723 1385 767 1427 id
799 1387 864 1427 est
894 1385 1107 1441 frangere.

242 1443 317 1486 No
327 1444 422 1500 xit,
452 1444 583 1486 noxia
615 1444 672 1486 sit
703 1444 774 1486 uel
804 1447 969 1487 noceat.

73 1376 92 1387 κ

340 1637 358 1667 1
385 1633 555 1668 morbum
581 1632 630 1668 G:
657 1643 743 1668 mox
771 1631 831 1676 P!
854 1629 1064 1677 μυλήκορον
1089 1632 1186 1668 Fest.
1217 1632 1345 1668 Paul:
1371 1632 1486 1668 milon
1514 1631 1556 1677 Ο,
1583 1632 1698 1669 milan
1722 1633 1771 1679 R,

243 1679 373 1715 milam
392 1680 443 1724 H,
468 1680 600 1715 milion
618 1691 676 1714 vm
772 1684 792 1714 2
819 1680 934 1715 habet
951 1680 1101 1724 scripsi:
1126 1679 1266 1715 habent
1281 1679 1319 1724 O,
1345 1679 1483 1715 habeat
1507 1693 1535 1714 ω
1558 1681 1563 1724 Ι
1586 1680 1772 1716 consultat

238 1727 293 1763 C:
320 1728 490 1762 consulat
521 1741 548 1761 ω
573 1730 576 1771 Ι
599 1727 743 1773 cogitat
769 1726 861 1762 Ova:
892 1727 1034 1772 cogitet
1065 1727 1142 1762 HR
1238 1731 1259 1762 3
1291 1727 1470 1762 honorare
1497 1727 1547 1762 G.
1579 1738 1709 1763 ornare
1737 1728 1774 1762 P

244 1780 267 1809 4
293 1774 505 1810 Mandicum
532 1775 566 1810 G
588 1775 592 1818 Ι
614 1775 778 1821 ligneam
804 1774 855 1810 G:
880 1774 1019 1809 lineam
1045 1773 1077 1809 G
1096 1785 1221 1819 marqo
1246 1774 1297 1819 H,
1322 1775 1469 1810 laneam
1494 1774 1531 1809 R
1627 1779 1648 1810 5
1673 1775 1771 1810 ludis

246 1822 289 1856 C':
315 1833 383 1857 om.
410 1835 437 1856 ω
460 1824 464 1866 1
488 1821 536 1857 ad
561 1822 618 1856 H:
644 1833 709 1857 om.
737 1835 764 1856 ω
788 1823 793 1866 l
815 1821 1074 1857 manducando
1095 1821 1129 1856 G
1244 1825 1263 1856 7
1291 1822 1399 1857 coriis
1423 1832 1506 1857 ‘nos-
1533 1822 1622 1858 corii
1648 1823 1735 1857 libri
1761 1821 1767 1869 Ι

245 1869 347 1904 coria
372 1870 606 1905 macerantur
631 1869 665 1904 G
809 1873 830 1904 8
856 1868 1044 1904 Nanfurae
1071 1869 1117 1903 H
1137 1870 1238 1904 codd.
1271 1868 1353 1904 Vat.
1379 1873 1418 1904 2.
1443 1869 1608 1904 Nanfure
1641 1869 1722 1904 Vat.
1748 1873 1770 1904 2

246 1917 402 1962 Papias,
428 1916 605 1952 Namfure
626 1917 660 1951 G
681 1918 685 1961 Ι
708 1927 781 1961 nap
783 1917 862 1951 tam
882 1916 969 1951 libri
1065 1920 1085 1951 9
1104 1926 1221 1961 prope
1240 1917 1328 1950 libri
1425 1919 1467 1951 10
1491 1916 1771 1952 Artheratorem

251 1964 331 1998 Vat.
356 1968 373 1998 1
473 1968 515 1998 12
542 1963 735 1999 Noscitate
754 1964 904 2008 scripsi:
925 1963 1091 1998 Nesdate
1112 1963 1158 2008 P,
1183 1962 1359 1998 Nesciate
1379 1963 1413 1998 G
1510 1968 1552 1998 13
1578 1963 1771 2010 Noegeum

243 2011 394 2046 Festus:
421 2011 591 2056 Nageum
611 2012 699 2046 libri
720 2012 725 2056 Ι
747 2010 894 2056 nigrum
917 2010 967 2044 P:
993 2010 1149 2056 nugium
1169 2010 1203 2045 G
1305 2014 1350 2045 14
1369 2010 1504 2046 Nan-ia
1522 2010 1612 2046 BG:
1637 2011 1772 2049 Nmzria

243 2059 294 2101 H,
319 2057 459 2093 Narica
486 2058 701 2103 Plaut.a1o.
728 2057 999 2103 Fest„Narita
1024 2057 1160 2103 Scaliy.
1192 2058 1241 2093 ad
1266 2057 1365 2093 Fest.
1472 2062 1515 2093 15
1541 2058 1770 2094 Nefrendem

246 2105 579 2141 CG.Nef1·ehdem
605 2106 656 2149 H,
683 2105 882 2141 Nefredem
906 2104 943 2139 R
1047 2109 1090 2140 16
1115 2116 1305 2150 nunquam
1331 2105 1462 2141 didicit
1489 2105 1534 2149 P,
1559 2116 1633 2141 non
1658 2107 1771 2151 queat

244 2153 278 2188 G
423 2157 466 2188 17
492 2152 607 2189 Noxit
631 2134 761 2188 HRG:
795 2152 935 2188 Noxiat
961 2151 1003 2198 G,
1037 2152 1162 2188 Noxat
1194 2152 1398 2189 Vat.1552.
1428 2156 1528 2189 1889.
1560 2154 1565 2198 Ι
1592 2164 1689 2189 noxa
1713 2163 1734 2188 v
1761 2153 1766 2200 Ι

243 2200 293 2236 sit
316 2212 354 2236 v.
382 2201 439 2236 est
466 2200 503 2234 P

342 2299 359 2329 1
400 2294 620 2340 molocrum]
665 2294 764 2330 Fest.
811 2299 876 2330 141
880 2299 948 2340 ,.2O
1003 2294 1208 2330 Molocrum
1251 2305 1326 2329 non
1370 2294 1491 2330 solum
1533 2306 1606 2340 quo
1648 2295 1769 2331 molae

243 2343 440 2377 uertuntur
460 2342 613 2385 dicitur,
639 2342 678 2377 id
699 2342 797 2387 quod
818 2341 950 2377 Graeci
970 2337 1180 2387 μυλήκορον
1199 2341 1403 2387 appellant,
1424 2341 1487 2377 sed
1508 2344 1622 2377 etiam
1645 2343 1770 2378 tumor

242 2389 403 2433 uentris,
448 2389 523 2434 qui
557 2389 670 2424 etiam
703 2389 911 2435 uirginibus
952 2388 1114 2424 incidere
1153 2389 1257 2424 solet.
1301 2388 1399 2424 Post.
1441 2388 1550 2426 Paul.
1584 2393 1661 2433 140,
1665 2393 1696 2425 7.

243 2441 266 2471 4
290 2418 531 2483 manducum]
559 2436 658 2472 Fest.
687 2436 796 2472 Paul.
819 2440 958 2480 128,12.
992 2435 1099 2471 Varr.
1119 2436 1163 2471 L.
1183 2436 1227 2471 L.
1250 2439 1341 2481 7,95.
1367 2436 1529 2471 Ioannes
1553 2437 1596 2471 de
1621 2437 1767 2472 Ianua·

244 2483 464 2527 Manducus,
490 2483 690 2529 inculator,
718 2495 780 2519 ore
805 2484 923 2528 hians,
948 2484 1107 2528 turpiter
1125 2483 1315 2519 mandens.
1413 2487 1432 2518 7
1457 2484 1594 2518 nautea
1640 2483 1768 2520 Plaut.

247 2531 745 2575 Curc.1,25.0as.5,‚.244
772 2531 870 2566 Nori.
897 2534 965 2575 8,4.
992 2530 1090 2566 Fest.
1119 2534 1196 2576 1⁸65,
1200 2534 1256 2566 27.
1394 2534 1414 2565 9
1441 2541 1592 2566 numero
1638 2531 1767 2566 Plaut.

246 2579 347 2615 Men.
369 2583 438 2623 2‚2,
441 2582 496 2613 13.
517 2582 578 2613 etc.
599 2578 697 2615 Fest.
724 2582 805 2622 170,
808 2583 840 2614 6.
865 2577 1047 2613 Antonius
1072 2578 1165 2613 haec
1190 2577 1262 2612 ait.
1286 2588 1439 2613 numero
1468 2577 1639 2613 ‘nimium
1664 2579 1767 2623 cito',

246 2626 431 2663 ‘celeriter
455 2625 640 2670 nimium',
667 2627 710 2661 ut
733 2625 889 2661 Plautus
913 2625 952 2660 in
978 2624 1112 2660 Casina
1136 2628 1196 2660 etc.
1223 2625 1321 2660 Non.
1348 2627 1429 2669 352,
1434 2629 1487 2660 16.
1634 2630 1677 2661 12
1702 2637 1767 2661 no—

244 2673 393 2718 scitate]
431 2674 476 2717 cf.
512 2672 639 2708 Plaut.
681 2673 766 2708 Mil.
805 2676 933 2717 2„.641
965 2675 1026 2707 ete.
1177 2675 1220 2706 13
1252 2653 1451 2718 noegeum]
1490 2672 1588 2707 Fest.
1628 2676 1707 2717 174,
1710 2677 1766 2708 28.

243 2721 437 2766 Noegeum
456 2719 607 2765 quidam
627 2720 779 2755 amiculi
796 2731 913 2765 genus
932 2720 1166 2764 praetextum
1185 2730 1357 2764 purpura.
1396 2719 1548 2764 quidam
1567 2720 1766 2755 candidum

244 2778 288 2803 ac
311 2767 561 2813 perlucidum,
587 2767 695 2812 quasi
719 2778 742 2802 a
766 2778 900 2811 nauco,
927 2766 1027 2812 quod
1051 2767 1228 2811 putamen
1247 2767 1477 2810 quorundam
1496 2778 1690 2812 pomorum
1710 2769 1767 2813 est

243 2814 502 2849 tenuissimum
539 2825 612 2849 non
649 2814 728 2849 sine
762 2814 938 2858 candore,
976 2815 1018 2849 ut
1047 2813 1176 2848 Liuius
1205 2812 1260 2848 ait
1289 2813 1328 2848 in
1360 2813 1530 2859 Odyssia.
1571 2813 1697 2849 ‘simul
1721 2824 1765 2849 ac

244 2861 418 2896 laciimas
443 2862 489 2897 de
515 2872 577 2897 ore
602 2873 744 2906 noegeo
770 2861 951 2897 detersit’·
970 2861 1009 2896 id
1035 2862 1092 2896 est
1117 2860 1285 2896 candido.
1431 2865 1476 2895 14
1501 2861 1640 2907 narria]
1665 2860 1763 2898 Fest

246 2913 324 2952 166,
328 2913 384 2944 21.
517 2913 558 2943 15
584 2909 827 2958 nefrendem]
842 2909 940 2946 Best.
968 2911 1106 2954 162,12.
1132 2907 1235 2944 Seru.
1261 2908 1352 2943 Aen.
1380 2911 1496 2953 8,230.
1524 2908 1604 2943 Ter.
1630 2907 1762 2944 Scaur.

245 2957 336 2992 orth.
363 2960 502 3000 2251,7.
531 2955 578 2992 P.
600 2956 726 3000 01²1).
753 2960 832 2992 378.
