1898 3294
622 212 636 235 N
796 198 802 199 ν
878 170 930 212 15
996 194 1047 198 ——

130 281 243 327 Beli
275 281 402 325 multi
434 280 628 333 fuerunt,
659 277 891 334 praecipue
924 291 997 319 rex
1025 275 1306 331 Assyriorum
1338 280 1380 316 et
1406 272 1666 317 Graecorum

190 341 337 396 [aliter
369 339 613 397 ‘praecipue
645 336 923 393 Babylone’].

129 400 368 445 Bitumen
399 414 476 456 per
507 399 534 442 b
567 397 809 441 scribimus.

21 458 23 460 ’
90 463 98 471 ‘
131 459 426 515 Blaterare,
463 461 663 513 corrupte
695 459 740 498 et
771 470 999 511 perperam
1030 469 1122 496 rem
1155 453 1295 509 loqui,
1327 456 1374 495 ut
1405 467 1494 495 non
1526 452 1666 508 magis

92 532 110 561 ο
187 519 272 564 fari
303 533 432 576 quam
465 518 576 561 sicut
607 515 750 559 ebrius
782 514 967 557 delirare
998 513 1209 557 credatur.

129 578 456 635 Bipatentia,
487 577 554 619 bis
587 574 800 631 patentia,
832 573 902 616 bis
934 575 1099 629 aperta.

128 637 338 682 Barrire
370 636 699 692 elephantorum
731 637 808 676 est.

129 697 432 753 Bipennem,
464 696 532 739 bis
565 697 752 738 acutum.
802 707 990 748 pennum
1022 692 1137 735 enim
1169 692 1350 734 dicimus
1384 694 1569 734 acutum.

127 756 401 813 Babylona
432 756 606 809 ciuitas,
638 752 939 809 Babylonia
970 766 1072 795 uero
1106 751 1342 807 prouincia.

76 831 111 857 ιο
129 816 534 860 Benedicentum
566 813 722 856 melius
754 827 885 868 quam
916 811 1272 854 benedicentium.

129 875 407 919 Balbutire
439 874 552 917 male
584 874 703 929 loqui
735 875 779 914 et
810 873 1061 927 incongrue.

128 934 351 978 Biremis
383 935 565 977 duorum
596 947 813 976 remorum
844 931 968 974 nauis
1001 946 1052 974 ex
1085 945 1341 986 unaquaque
1373 933 1510 984 parte.

127 994 164 1038 B
174 994 256 1050 ili,
287 994 445 1038 colera.

615 1112 785 1156 Glossae
807 1125 886 1166 per
917 1109 954 1153 C
982 1111 1171 1153 litteram.

74 1213 107 1239 15
127 1195 369 1241 Cucumis
391 1197 561 1254 generis
582 1195 824 1249 masculini,
843 1194 971 1237 huius
992 1193 1243 1236 cucumeris.
1276 1191 1351 1234 sed
1372 1196 1415 1234 et
1435 1191 1664 1235 ‘cucumer’

185 1258 344 1300 dicitur
374 1257 513 1299 nihilo
547 1257 687 1298 minus
720 1255 848 1297 huius
881 1253 1118 1297 cucumeris
1151 1252 1331 1307 faciens,
1369 1255 1418 1294 ut
1450 1253 1588 1295 uomis
1622 1255 1666 1294 et

185 1332 346 1361 nomer.
645 1358 655 1367 ,

127 1375 297 1420 Chaos
336 1378 627 1431 monoptoton
665 1376 742 1417 est.
798 1373 904 1416 facit
924 1372 1059 1415 'enim
1090 1371 1174 1414 hoc
1206 1371 1337 1414 chaos
1370 1370 1499 1413 huius
1532 1371 1664 1414 chaos

185 1436 286 1479 huic
323 1436 453 1479 chaos
493 1450 518 1478 o
560 1434 694 1478 chaos
733 1436 776 1476 et
814 1433 868 1476 ab
906 1432 989 1475 hoc
1028 1431 1173 1474 chaos
1227 1431 1301 1473 sed
1334 1430 1549 1487 Virgilius
1588 1446 1666 1473 sua

73 1511 107 1538 20
187 1496 448 1539 auctoritate
480 1494 721 1550 praesumit
753 1492 967 1536 ablatiuo:
1000 1490 1147 1546 ‘atque
1180 1490 1289 1533 chao
1322 1489 1508 1533 densos'.

126 1553 194 1599 Co
206 1558 394 1598 mmata
432 1557 533 1597 sunt
568 1553 810 1610 particulae
848 1552 940 1595 sine
979 1565 1107 1593 sensu
1144 1550 1307 1592 Graece
1350 1550 1511 1605 dictae,
1555 1565 1664 1606 quae

184 1629 320 1671 nexae
357 1614 524 1657 faciunt
561 1613 669 1656 cola.
717 1627 819 1655 nam
856 1611 1078 1667 praecisus
1111 1624 1262 1652 sensus
1295 1624 1465 1652 comma
1496 1610 1665 1665 dicitur,

225 1749 241 1780 1
270 1743 497 1780 Graecorum
530 1743 652 1778 CHG:
697 1741 889 1788 Babylone
913 1740 950 1776 R
1082 1743 1104 1775 2
1124 1738 1222 1775 alter
1246 1739 1446 1784 praecipue
1474 1739 1665 1785 Babylone

127 1791 222 1828 GHb
248 1791 467 1837 (Babilonae
493 1791 566 1836 H):
592 1793 632 1826 et
656 1790 883 1826 Graecorum
908 1789 1004 1824 alter
1029 1787 1066 1822 R
1162 1791 1183 1822 3
1211 1786 1402 1822 Bittumen
1428 1787 1448 1822 b
1471 1788 1476 1831 Ι
1499 1787 1662 1823 litteram

125 1839 363 1876 scribendum
388 1838 422 1874 G
548 1842 570 1874 4
596 1838 786 1874 Blaterare
812 1836 942 1872 CRva:
968 1835 1179 1871 Blatterare
1205 1835 1272 1869 Hb
1406 1838 1427 1869 5
1441 1835 1526 1870 ,fari
1551 1846 1664 1881 qnam

126 1887 223 1924 sicut
252 1898 334 1923 rws:
366 1886 439 1922 fari
473 1897 578 1922 secus
609 1896 721 1932 quam
754 1885 800 1929 P,
830 1884 1046 1930 pharisecus
1078 1893 1191 1928 quam
1224 1883 1244 1917 b
1279 1883 1284 1927 Ι
1316 1881 1484 1918 delerare
1519 1882 1593 1918 Rm

126 1939 148 1971 9
174 1934 385 1981 Babylona]
409 1935 565 1980 ylossam
595 1944 663 1969 om.
697 1933 785 1968 Mai
807 1934 812 1978 Ι
834 1932 1027 1977 Babylona
1045 1942 1075 1976 p
1095 1931 1171 1966 cod.
1193 1929 1329 1966 Germ:
1356 1929 1556 1966 Babilonia
1582 1931 1664 1974 CH,

124 1982 336 2028 Babylonia
359 1983 403 2018 bv
425 1986 430 2026 Ι
452 1980 662 2026 Babylonia
686 1981 736 2016 G:
763 1979 962 2016 Babilonia
987 1978 1038 2022 H,
1052 1989 1119 2014 om.
1135 1977 1166 2013 G
1185 1979 1190 2022 Ι
1213 1988 1301 2013 uero
1328 1977 1379 2012 G:
1406 1980 1446 2012 et
1471 1978 1510 2021 C,
1530 1989 1597 2015 om.
1620 1979 1660 2013 H

175 2034 218 2066 11
245 2029 438 2066 Balbutire
471 2029 558 2064 Pm:
591 2028 802 2064 Balbuttire
833 2031 950 2063 cetera
969 2026 1003 2070 G
1101 2030 1144 2061 12
1171 2025 1329 2061 duorum
1354 2037 1394 2060 a:
1421 2025 1580 2061 duarum
1608 2026 1663 2070 bv,

126 2076 242 2113 duum
270 2077 306 2111 P
448 2081 491 2112 13
523 2075 597 2111 Bili
628 2075 677 2111 G:
715 2075 797 2111 Bilo
826 2075 862 2109 P
887 2075 893 2121 Ι
921 2074 1045 2110 colera
1070 2086 1110 2108 a:
1147 2073 1270 2108 colore
1299 2073 1390 2118 va‚
1423 2073 1523 2109 coles
1549 2074 1592 2109 bv

129 2129 172 2161 15
198 2124 262 2161 sed
288 2123 599 2160 et—cucumeris
625 2123 674 2159 G:
707 2133 774 2158 om.
795 2123 831 2157 P
976 2126 1019 2157 16
1045 2121 1166 2156 uomis
1191 2121 1230 2156 et
1253 2131 1384 2156 nomer
1411 2120 1507 2156 va:
1541 2121 1663 2157 uomis

127 2172 289 2208 numeris
312 2183 339 2218 p
438 2175 481 2208 18
501 2171 573 2207 hoc·
596 2170 708 2207 cahos
734 2170 801 2206 Ha
898 2174 941 2205 19
962 2168 1050 2204 huic
1075 2168 1189 2204 chaos
1215 2178 1282 2204 om.
1296 2167 1332 2202 R
1430 2172 1476 2203 20
1495 2168 1664 2205 ablatiuo

127 2230 215 2256 casu
240 2219 464 2256 auctoritate
489 2217 741 2273 praesumpsit
765 2218 800 2253 G
821 2220 826 2263 Ι
849 2217 942 2253 cabo
968 2216 1011 2251 H
1030 2219 1035 2261 Ι
1057 2216 1193 2252 densos
1219 2214 1349 2250 diuum
1375 2215 1409 2250 G
1513 2219 1556 2251 21
1584 2217 1662 2252 sine

128 2278 237 2303 sensu
263 2267 319 2302 H:
346 2279 415 2303 sun
440 2268 498 2302 uel
523 2266 592 2302 sim
619 2266 658 2310 Ο,
684 2277 738 2301 sic
762 2265 810 2310 R,
836 2276 1009 2301 sensnum
1036 2263 1071 2299 G
1209 2266 1253 2298 22
1280 2273 1397 2298 nexae
1423 2262 1517 2298 HR:
1544 2275 1663 2300 noxae

129 2315 168 2359 C,
195 2325 336 2351 conexa
361 2315 405 2350 bv
427 2316 433 2359 1
455 2314 539 2350 cola
563 2314 658 2349 HG:
686 2313 808 2349 colam
834 2312 900 2348 GR
1055 2323 1057 2326 ·

222 2378 244 2410 3
268 2373 454 2421 bitumen]
481 2374 529 2418 cf.
558 2374 676 2409 Prisc.
702 2372 771 2408 XII
797 2375 938 2416 465,12.
962 2371 1012 2408 K.
1165 2374 1187 2406 4
1212 2370 1416 2417 blaterare]
1446 2371 1572 2406 Plaut.
1600 2383 1660 2416 ap.

126 2421 225 2458 Non.
252 2426 368 2465 44,15.
407 2422 504 2457 Fest.
535 2421 646 2457 Paul.
666 2424 760 2464 34‚2.
797 2419 988 2455 Blaterare
1013 2419 1071 2455 est
1095 2418 1207 2454 stulte
1234 2421 1272 2454 et
1296 2418 1521 2464 praecupide
1546 2419 1661 2464 loqui,

127 2469 227 2516 quod
257 2481 281 2505 a
305 2468 448 2506 Graeco
472 2466 564 2516 βλάξ
594 2468 778 2514 originem
803 2467 916 2503 ducit.
954 2467 1001 2511 cf.
1020 2467 1119 2502 Non.
1147 2469 1238 2508 44,8.
1385 2471 1406 2501 6
1432 2465 1659 2512 bipatentia]

127 2518 232 2554 Seru.
258 2517 350 2553 Aen.
376 2521 494 2560 2,330.
519 2517 609 2552 ibid.
639 2520 728 2559 10‚5.
833 2518 853 2550 7
878 2515 1019 2550 barrire
1063 2513 1162 2550 Fest.
1192 2513 1303 2548 Paul.
1329 2517 1421 2557 30,7.
1454 2513 1553 2549 Suet.
1580 2514 1660 2549 Rez.

127 2564 182 2599 ed.
206 2564 413 2609 Reiffersch.
436 2569 553 2607 250,3.
640 2569 661 2599 9
686 2562 888 2609 babylona]
909 2563 955 2607 cf.
977 2562 1031 2598 Ba
1055 2561 1170 2607 ylona
1182 2572 1222 2606 p.
1238 2565 1291 2596 14.
1393 2565 1433 2596 11
1455 2561 1659 2608 balbutire]

127 2610 227 2646 Nan.
252 2615 367 2655 80,11.
412 2611 623 2648 Balbuttire
654 2613 712 2647 est
743 2622 827 2646 cum
858 2609 1022 2656 quadam
1053 2608 1202 2655 linguae
1235 2608 1486 2646 haesitatione
1511 2613 1550 2644 et
1574 2620 1662 2645 con-

128 2658 271 2694 fusione
307 2659 506 2705 trepidare.
660 2662 702 2694 13
739 2658 824 2704 bili]
863 2658 990 2693 Plaut.
1028 2657 1160 2701 Amph.
1194 2659 1311 2699 2,2,95
1336 2660 1398 2691 etc.
1434 2657 1527 2694 lsid.
1554 2661 1659 2701 4,5,4.

129 2705 326 2742 choleram
352 2707 486 2743 Graeci
508 2707 755 2751 uocauerunt,
787 2705 886 2752 quod
912 2704 1020 2741 unius
1045 2703 1120 2740 diei
1146 2703 1267 2750 spatio
1293 2705 1524 2739 terminetur.
1562 2705 1659 2740 unde

130 2756 169 2790 et
193 2753 343 2789 cholera
367 2753 407 2789 id
432 2756 490 2790 est
514 2754 681 2790 fellicula
711 2753 904 2789 nominata
929 2755 1003 2796 est,
1040 2752 1111 2787 boc
1137 2753 1194 2787 est
1217 2751 1315 2787 fellis
1341 2750 1481 2787 effusio.
1527 2751 1660 2787 Graeci

129 2801 230 2837 enim
260 2801 311 2837 fel
342 2798 456 2847 χολήν
486 2800 624 2838 dicunt.
655 2802 760 2847 yloss.
793 2800 909 2836 Labb.
942 2799 1050 2844 Bilis,
1082 2796 1172 2844 κολὴ
1205 2798 1364 2844 μέλαινα
1395 2799 1462 2833 καὶ
1495 2795 1659 2844 εὐτελής,

129 2845 230 2894 χολή.
349 2853 390 2884 15
417 2848 599 2895 cucumis]
628 2848 754 2884 Plaut.
781 2848 862 2884 Cas.
888 2851 1016 2891 5‚2‚29.
1056 2847 1102 2892 ef.
1128 2846 1231 2883 Seru.
1259 2845 1388 2891 Geory.
1415 2850 1531 2890 4,122.
1568 2850 1659 2890 1,4e.

132 2895 242 2934 Prob.
265 2896 368 2933 cath.
388 2900 504 2942 24,80.
524 2896 573 2932 K.
597 2896 715 2933 Prisc.
735 2895 798 2931 VI.
824 2899 965 2939 249,15.
984 2894 1035 2930 K.
1067 2893 1186 2940 Caper
1204 2894 1248 2930 de
1271 2894 1370 2929 uerb.
1389 2893 1474 2929 dub.
1496 2897 1660 2939 2248,18.

134 2943 179 2981 Ρ.
279 2949 322 2981 18
349 2943 477 2991 chaos]
504 2944 550 2988 cf.
580 2943 697 2979 Pn‘ec.
723 2943 785 2979 VI.
810 2946 951 2988 271,16.
976 2941 1030 2979 K:
