<?xml version="1.0" encoding="UTF-8"?>
<!DOCTYPE html PUBLIC "-//W3C//DTD XHTML 1.0 Transitional//EN"
    "http://www.w3.org/TR/xhtml1/DTD/xhtml1-transitional.dtd">
<html xmlns="http://www.w3.org/1999/xhtml" xml:lang="en" lang="en">
 <head>
  <title>
</title>
<meta http-equiv="Content-Type" content="text/html;charset=utf-8" />
  <meta name='ocr-system' content='tesseract 3.04.00' />
  <meta name='ocr-capabilities' content='ocr_page ocr_carea ocr_par ocr_line ocrx_word'/>
</head>
<body>
  <div class='ocr_page' id='page_1' title='image "./glossaeplaci00lactuoft_0094.png"; bbox 0 0 1898 3294; ppageno 0'>
   <div class='ocr_carea' id='block_1_1' title="bbox 847 182 1133 225">
    <p class='ocr_par' dir='ltr' id='par_1_1' title="bbox 847 182 1133 225">
     <span class='ocr_line' id='line_1_1' title="bbox 847 182 1133 225; baseline 0 -13"><span class='ocrx_word' id='word_1_1' title='bbox 847 182 1133 225; x_wconf 64' lang='lat'><strong>-70—</strong></span> 
     </span>
    </p>
   </div>
   <div class='ocr_carea' id='block_1_2' title="bbox 136 288 1767 1943">
    <p class='ocr_par' dir='ltr' id='par_1_2' title="bbox 227 288 1755 521">
     <span class='ocr_line' id='line_1_2' title="bbox 227 288 1755 345; baseline 0 -13"><span class='ocrx_word' id='word_1_2' title='bbox 227 289 413 332; x_wconf 89' lang='lat' dir='ltr'><strong>Noctis</strong></span> <span class='ocrx_word' id='word_1_3' title='bbox 463 290 609 344; x_wconf 86' lang='lat' dir='ltr'><strong>partes</strong></span> <span class='ocrx_word' id='word_1_4' title='bbox 658 288 764 330; x_wconf 88' lang='lat' dir='ltr'><strong>hae:</strong></span> <span class='ocrx_word' id='word_1_5' title='bbox 826 288 1140 343; x_wconf 81' lang='lat' dir='ltr'><strong>crepusculum,</strong></span> <span class='ocrx_word' id='word_1_6' title='bbox 1189 303 1438 344; x_wconf 87' lang='lat' dir='ltr'><strong>uesperum,</strong></span> <span class='ocrx_word' id='word_1_7' title='bbox 1487 289 1755 345; x_wconf 83' lang='lat' dir='ltr'><strong>concubium,</strong></span> 
     </span>
     <span class='ocr_line' id='line_1_3' title="bbox 271 347 1755 404; baseline 0.001 -14"><span class='ocrx_word' id='word_1_8' title='bbox 271 348 586 402; x_wconf 81' lang='lat' dir='ltr'><strong>conticinium,</strong></span> <span class='ocrx_word' id='word_1_9' title='bbox 617 348 895 403; x_wconf 86' lang='lat' dir='ltr'><strong>intempesta,</strong></span> <span class='ocrx_word' id='word_1_10' title='bbox 927 347 1215 402; x_wconf 77' lang='lat' dir='ltr'><strong>gallicinium,</strong></span> <span class='ocrx_word' id='word_1_11' title='bbox 1247 347 1482 390; x_wconf 91' lang='lat' dir='ltr'><strong>diluculum</strong></span> <span class='ocrx_word' id='word_1_12' title='bbox 1514 350 1558 390; x_wconf 82' lang='lat' dir='ltr'><strong>et</strong></span> <span class='ocrx_word' id='word_1_13' title='bbox 1589 362 1755 404; x_wconf 83' lang='lat' dir='ltr'><strong>crepus-</strong></span> 
     </span>
     <span class='ocr_line' id='line_1_4' title="bbox 288 407 1755 462; baseline 0 -13"><span class='ocrx_word' id='word_1_14' title='bbox 288 407 430 450; x_wconf 90' lang='lat' dir='ltr'><strong>culum</strong></span> <span class='ocrx_word' id='word_1_15' title='bbox 474 407 747 449; x_wconf 89' lang='lat' dir='ltr'><strong>matutinum.</strong></span> <span class='ocrx_word' id='word_1_16' title='bbox 803 407 1107 462; x_wconf 84' lang='lat' dir='ltr'><strong>intelliguntur</strong></span> <span class='ocrx_word' id='word_1_17' title='bbox 1146 409 1290 448; x_wconf 87' lang='lat' dir='ltr'><strong>autem</strong></span> <span class='ocrx_word' id='word_1_18' title='bbox 1331 407 1414 449; x_wconf 90' lang='lat' dir='ltr'><strong>hoc</strong></span> <span class='ocrx_word' id='word_1_19' title='bbox 1457 407 1602 449; x_wconf 88' lang='lat' dir='ltr'><strong>modo:</strong></span> <span class='ocrx_word' id='word_1_20' title='bbox 1651 421 1755 449; x_wconf 87' lang='lat' dir='ltr'><strong>cre-</strong></span> 
     </span>
     <span class='ocr_line' id='line_1_5' title="bbox 288 465 1755 521; baseline 0.001 -13"><span class='ocrx_word' id='word_1_21' title='bbox 288 466 559 521; x_wconf 89' lang='lat' dir='ltr'><strong>pusculum</strong></span> <span class='ocrx_word' id='word_1_22' title='bbox 590 466 759 521; x_wconf 90' lang='lat' dir='ltr'><strong>dicitur,</strong></span> <span class='ocrx_word' id='word_1_23' title='bbox 790 466 834 508; x_wconf 93' lang='lat' dir='ltr'><strong>id</strong></span> <span class='ocrx_word' id='word_1_24' title='bbox 860 468 926 508; x_wconf 88' lang='lat' dir='ltr'><strong>est</strong></span> <span class='ocrx_word' id='word_1_25' title='bbox 958 480 1190 521; x_wconf 82' lang='lat' dir='ltr'><strong>creperum,</strong></span> <span class='ocrx_word' id='word_1_26' title='bbox 1223 466 1335 521; x_wconf 86' lang='lat' dir='ltr'><strong>quod</strong></span> <span class='ocrx_word' id='word_1_27' title='bbox 1367 465 1544 508; x_wconf 91' lang='lat' dir='ltr'><strong>dubium</strong></span> <span class='ocrx_word' id='word_1_28' title='bbox 1574 466 1755 509; x_wconf 82' lang='lat' dir='ltr'><strong>dicimus</strong></span> 
     </span>
    </p>

    <p class='ocr_par' dir='ltr' id='par_1_3' title="bbox 194 525 1758 817">
     <span class='ocr_line' id='line_1_6' title="bbox 194 525 1757 580; baseline 0.001 -15"><span class='ocrx_word' id='word_1_29' title='bbox 194 538 211 563; x_wconf 84' lang='lat'><strong>5</strong></span> <span class='ocrx_word' id='word_1_30' title='bbox 288 526 401 567; x_wconf 88' lang='lat' dir='ltr'><strong>inter</strong></span> <span class='ocrx_word' id='word_1_31' title='bbox 420 526 560 567; x_wconf 90' lang='lat' dir='ltr'><strong>lucem</strong></span> <span class='ocrx_word' id='word_1_32' title='bbox 580 528 624 567; x_wconf 90' lang='lat' dir='ltr'><strong>et</strong></span> <span class='ocrx_word' id='word_1_33' title='bbox 649 525 861 567; x_wconf 75' lang='lat' dir='ltr'><strong>tenebras.</strong></span> <span class='ocrx_word' id='word_1_34' title='bbox 910 539 1176 580; x_wconf 89' lang='lat' dir='ltr'><strong>uesperum</strong></span> <span class='ocrx_word' id='word_1_35' title='bbox 1207 525 1371 567; x_wconf 91' lang='lat' dir='ltr'><strong>oriente</strong></span> <span class='ocrx_word' id='word_1_36' title='bbox 1404 525 1544 580; x_wconf 89' lang='lat' dir='ltr'><strong>stella,</strong></span> <span class='ocrx_word' id='word_1_37' title='bbox 1576 525 1644 568; x_wconf 92' lang='lat' dir='ltr'><strong>cui</strong></span> <span class='ocrx_word' id='word_1_38' title='bbox 1674 525 1757 568; x_wconf 89' lang='lat' dir='ltr'><strong>hoc</strong></span> 
     </span>
     <span class='ocr_line' id='line_1_7' title="bbox 288 584 1757 639; baseline 0 -12"><span class='ocrx_word' id='word_1_39' title='bbox 288 599 446 627; x_wconf 88' lang='lat' dir='ltr'><strong>nomen</strong></span> <span class='ocrx_word' id='word_1_40' title='bbox 484 587 560 627; x_wconf 86' lang='lat' dir='ltr'><strong>est.</strong></span> <span class='ocrx_word' id='word_1_41' title='bbox 617 584 962 626; x_wconf 90' lang='lat' dir='ltr'><strong>conticinium</strong></span> <span class='ocrx_word' id='word_1_42' title='bbox 1000 584 1180 626; x_wconf 87' lang='lat' dir='ltr'><strong>dicimus</strong></span> <span class='ocrx_word' id='word_1_43' title='bbox 1219 584 1388 639; x_wconf 87' lang='lat' dir='ltr'><strong>quando</strong></span> <span class='ocrx_word' id='word_1_44' title='bbox 1427 598 1574 626; x_wconf 89' lang='lat' dir='ltr'><strong>omnes</strong></span> <span class='ocrx_word' id='word_1_45' title='bbox 1614 584 1757 627; x_wconf 83' lang='lat' dir='ltr'><strong>silent.</strong></span> 
     </span>
     <span class='ocr_line' id='line_1_8' title="bbox 290 643 1757 698; baseline 0 -12"><span class='ocrx_word' id='word_1_46' title='bbox 290 644 576 686; x_wconf 71' lang='lat' dir='ltr'><strong>conticescere</strong></span> <span class='ocrx_word' id='word_1_47' title='bbox 610 643 725 686; x_wconf 87' lang='lat' dir='ltr'><strong>enjm</strong></span> <span class='ocrx_word' id='word_1_48' title='bbox 757 643 883 686; x_wconf 91' lang='lat' dir='ltr'><strong>silere</strong></span> <span class='ocrx_word' id='word_1_49' title='bbox 917 646 992 685; x_wconf 89' lang='lat' dir='ltr'><strong>est.</strong></span> <span class='ocrx_word' id='word_1_50' title='bbox 1037 643 1354 698; x_wconf 86' lang='lat' dir='ltr'><strong>intempesta</strong></span> <span class='ocrx_word' id='word_1_51' title='bbox 1371 643 1418 686; x_wconf 83' lang='lat' dir='ltr'><strong>id</strong></span> <span class='ocrx_word' id='word_1_52' title='bbox 1434 646 1492 686; x_wconf 82' lang='lat' dir='ltr'><strong>cst</strong></span> <span class='ocrx_word' id='word_1_53' title='bbox 1508 644 1757 698; x_wconf 73' lang='lat' dir='ltr'><strong>importuna,</strong></span> 
     </span>
     <span class='ocr_line' id='line_1_9' title="bbox 289 702 1756 758; baseline 0 -13"><span class='ocrx_word' id='word_1_54' title='bbox 289 704 452 758; x_wconf 79' lang='lat' dir='ltr'><strong>quando</strong></span> <span class='ocrx_word' id='word_1_55' title='bbox 483 703 553 757; x_wconf 69' lang='lat' dir='ltr'><strong>aqi</strong></span> <span class='ocrx_word' id='word_1_56' title='bbox 582 702 691 745; x_wconf 71' lang='lat' dir='ltr'><strong>nihil</strong></span> <span class='ocrx_word' id='word_1_57' title='bbox 712 706 846 756; x_wconf 82' lang='lat' dir='ltr'><strong>potest</strong></span> <span class='ocrx_word' id='word_1_58' title='bbox 875 706 912 745; x_wconf 83' lang='lat' dir='ltr'><strong>et</strong></span> <span class='ocrx_word' id='word_1_59' title='bbox 942 703 1082 744; x_wconf 76' lang='lat' dir='ltr'><strong>omnia</strong></span> <span class='ocrx_word' id='word_1_60' title='bbox 1112 703 1249 756; x_wconf 77' lang='lat' dir='ltr'><strong>quieta</strong></span> <span class='ocrx_word' id='word_1_61' title='bbox 1278 706 1385 745; x_wconf 78' lang='lat' dir='ltr'><strong>sunt.</strong></span> <span class='ocrx_word' id='word_1_62' title='bbox 1423 703 1756 757; x_wconf 84' lang='lat' dir='ltr'><strong>gallicinium</strong></span> 
     </span>
     <span class='ocr_line' id='line_1_10' title="bbox 291 761 1758 817; baseline 0 -12"><span class='ocrx_word' id='word_1_63' title='bbox 291 762 453 805; x_wconf 87' lang='lat' dir='ltr'><strong>dictum</strong></span> <span class='ocrx_word' id='word_1_64' title='bbox 473 764 539 804; x_wconf 89' lang='lat' dir='ltr'><strong>est</strong></span> <span class='ocrx_word' id='word_1_65' title='bbox 563 764 741 817; x_wconf 89' lang='lat' dir='ltr'><strong>propter</strong></span> <span class='ocrx_word' id='word_1_66' title='bbox 767 762 907 817; x_wconf 84' lang='lat' dir='ltr'><strong>gallos</strong></span> <span class='ocrx_word' id='word_1_67' title='bbox 927 761 1036 803; x_wconf 90' lang='lat' dir='ltr'><strong>lucis</strong></span> <span class='ocrx_word' id='word_1_68' title='bbox 1061 761 1354 816; x_wconf 88' lang='lat' dir='ltr'><strong>praenuntios.</strong></span> <span class='ocrx_word' id='word_1_69' title='bbox 1402 763 1758 817; x_wconf 88' lang='lat' dir='ltr'><strong>crepusculum</strong></span> 
     </span>
    </p>

    <p class='ocr_par' dir='ltr' id='par_1_4' title="bbox 181 818 1664 864">
     <span class='ocr_line' id='line_1_11' title="bbox 181 818 1664 864; baseline 0 0"><span class='ocrx_word' id='word_1_70' title='bbox 181 835 214 859; x_wconf 92' lang='lat'><strong>10</strong></span> <span class='ocrx_word' id='word_1_71' title='bbox 292 821 603 864; x_wconf 89' lang='lat' dir='ltr'><strong>matutinum</strong></span> <span class='ocrx_word' id='word_1_72' title='bbox 634 821 747 862; x_wconf 90' lang='lat' dir='ltr'><strong>inter</strong></span> <span class='ocrx_word' id='word_1_73' title='bbox 779 821 1028 863; x_wconf 84' lang='lat' dir='ltr'><strong>abscessum</strong></span> <span class='ocrx_word' id='word_1_74' title='bbox 1058 818 1199 863; x_wconf 87' lang='lat' dir='ltr'><strong>noctis</strong></span> <span class='ocrx_word' id='word_1_75' title='bbox 1232 823 1275 863; x_wconf 91' lang='lat' dir='ltr'><strong>et</strong></span> <span class='ocrx_word' id='word_1_76' title='bbox 1305 820 1391 862; x_wconf 89' lang='lat' dir='ltr'><strong>diei</strong></span> <span class='ocrx_word' id='word_1_77' title='bbox 1422 820 1664 864; x_wconf 87' lang='lat' dir='ltr'><strong>aduentum.</strong></span> 
     </span>
    </p>

    <p class='ocr_par' dir='ltr' id='par_1_5' title="bbox 232 880 1155 935">
     <span class='ocr_line' id='line_1_12' title="bbox 232 880 1155 935; baseline -0.002 -11"><span class='ocrx_word' id='word_1_78' title='bbox 232 881 504 924; x_wconf 89' lang='lat' dir='ltr'><strong>Neoterici</strong></span> <span class='ocrx_word' id='word_1_79' title='bbox 537 880 685 935; x_wconf 86' lang='lat' dir='ltr'><strong>libri,</strong></span> <span class='ocrx_word' id='word_1_80' title='bbox 714 880 818 922; x_wconf 90' lang='lat' dir='ltr'><strong>noui</strong></span> <span class='ocrx_word' id='word_1_81' title='bbox 849 880 919 927; x_wconf 85' lang='grc'><strong>1161</strong></span> <span class='ocrx_word' id='word_1_82' title='bbox 950 882 1155 922; x_wconf 87' lang='lat' dir='ltr'><strong>recentes.</strong></span> 
     </span>
    </p>

    <p class='ocr_par' dir='ltr' id='par_1_6' title="bbox 231 938 1547 995">
     <span class='ocr_line' id='line_1_13' title="bbox 231 938 1547 995; baseline -0.001 -13"><span class='ocrx_word' id='word_1_83' title='bbox 231 939 606 995; x_wconf 88' lang='lat' dir='ltr'><strong>Nucispineum</strong></span> <span class='ocrx_word' id='word_1_84' title='bbox 638 942 722 995; x_wconf 88' lang='lat' dir='ltr'><strong>est,</strong></span> <span class='ocrx_word' id='word_1_85' title='bbox 755 939 868 994; x_wconf 89' lang='lat' dir='ltr'><strong>quod</strong></span> <span class='ocrx_word' id='word_1_86' title='bbox 897 938 1050 982; x_wconf 75' lang='lat' dir='ltr'><strong>rustici</strong></span> <span class='ocrx_word' id='word_1_87' title='bbox 1080 938 1359 994; x_wconf 89' lang='lat' dir='ltr'><strong>nudipineum</strong></span> <span class='ocrx_word' id='word_1_88' title='bbox 1390 939 1547 981; x_wconf 90' lang='lat' dir='ltr'><strong>dicunt.</strong></span> 
     </span>
    </p>

    <p class='ocr_par' dir='ltr' id='par_1_7' title="bbox 233 998 1762 1113">
     <span class='ocr_line' id='line_1_14' title="bbox 233 998 1759 1055; baseline 0 -13"><span class='ocrx_word' id='word_1_89' title='bbox 233 999 380 1055; x_wconf 87' lang='lat' dir='ltr'><strong>Nepa</strong></span> <span class='ocrx_word' id='word_1_90' title='bbox 417 999 610 1054; x_wconf 89' lang='lat' dir='ltr'><strong>scorpius</strong></span> <span class='ocrx_word' id='word_1_91' title='bbox 618 1033 629 1053; x_wconf 90' lang='lat'><strong>,</strong></span> <span class='ocrx_word' id='word_1_92' title='bbox 669 1013 776 1054; x_wconf 87' lang='lat' dir='ltr'><strong>quae</strong></span> <span class='ocrx_word' id='word_1_93' title='bbox 814 1000 942 1041; x_wconf 88' lang='lat' dir='ltr'><strong>natos</strong></span> <span class='ocrx_word' id='word_1_94' title='bbox 981 998 1212 1053; x_wconf 90' lang='lat' dir='ltr'><strong>consumit,</strong></span> <span class='ocrx_word' id='word_1_95' title='bbox 1249 998 1334 1040; x_wconf 91' lang='lat' dir='ltr'><strong>nisi</strong></span> <span class='ocrx_word' id='word_1_96' title='bbox 1380 1012 1477 1040; x_wconf 88' lang='lat' dir='ltr'><strong>eum</strong></span> <span class='ocrx_word' id='word_1_97' title='bbox 1514 999 1587 1054; x_wconf 74' lang='lat' dir='ltr'><strong>qui</strong></span> <span class='ocrx_word' id='word_1_98' title='bbox 1632 999 1759 1042; x_wconf 89' lang='lat' dir='ltr'><strong>dorso</strong></span> 
     </span>
     <span class='ocr_line' id='line_1_15' title="bbox 294 1057 1762 1113; baseline 0 -13"><span class='ocrx_word' id='word_1_99' title='bbox 294 1059 384 1101; x_wconf 89' lang='lat' dir='ltr'><strong>eius</strong></span> <span class='ocrx_word' id='word_1_100' title='bbox 415 1057 663 1100; x_wconf 85' lang='lat' dir='ltr'><strong>inhaeserit.</strong></span> <span class='ocrx_word' id='word_1_101' title='bbox 706 1073 876 1099; x_wconf 88' lang='lat' dir='ltr'><strong>rursum</strong></span> <span class='ocrx_word' id='word_1_102' title='bbox 906 1058 1011 1113; x_wconf 90' lang='lat' dir='ltr'><strong>ipse,</strong></span> <span class='ocrx_word' id='word_1_103' title='bbox 1044 1058 1117 1113; x_wconf 89' lang='lat' dir='ltr'><strong>qui</strong></span> <span class='ocrx_word' id='word_1_104' title='bbox 1149 1060 1344 1100; x_wconf 89' lang='lat' dir='ltr'><strong>seruatus</strong></span> <span class='ocrx_word' id='word_1_105' title='bbox 1375 1057 1518 1112; x_wconf 89' lang='lat' dir='ltr'><strong>fuerit,</strong></span> <span class='ocrx_word' id='word_1_106' title='bbox 1549 1058 1762 1101; x_wconf 89' lang='lat' dir='ltr'><strong>consumit</strong></span> 
     </span>
    </p>

    <p class='ocr_par' dir='ltr' id='par_1_8' title="bbox 182 1117 1762 1292">
     <span class='ocr_line' id='line_1_16' title="bbox 182 1117 1762 1173; baseline 0.001 -14"><span class='ocrx_word' id='word_1_107' title='bbox 182 1129 215 1155; x_wconf 88' lang='lat'><strong>15</strong></span> <span class='ocrx_word' id='word_1_108' title='bbox 293 1120 473 1173; x_wconf 89' lang='lat' dir='ltr'><strong>patrem.</strong></span> <span class='ocrx_word' id='word_1_109' title='bbox 522 1117 633 1159; x_wconf 91' lang='lat' dir='ltr'><strong>unde</strong></span> <span class='ocrx_word' id='word_1_110' title='bbox 670 1117 885 1171; x_wconf 90' lang='lat' dir='ltr'><strong>homines,</strong></span> <span class='ocrx_word' id='word_1_111' title='bbox 926 1117 999 1172; x_wconf 91' lang='lat' dir='ltr'><strong>qui</strong></span> <span class='ocrx_word' id='word_1_112' title='bbox 1036 1117 1159 1159; x_wconf 56' lang='lat' dir='ltr'><strong>bona&gt;</strong></span> <span class='ocrx_word' id='word_1_113' title='bbox 1182 1120 1410 1171; x_wconf 89' lang='lat' dir='ltr'><strong>parentum</strong></span> <span class='ocrx_word' id='word_1_114' title='bbox 1440 1131 1516 1172; x_wconf 89' lang='lat' dir='ltr'><strong>per</strong></span> <span class='ocrx_word' id='word_1_115' title='bbox 1547 1117 1762 1160; x_wconf 87' lang='lat' dir='ltr'><strong>luxuriam</strong></span> 
     </span>
     <span class='ocr_line' id='line_1_17' title="bbox 295 1176 1762 1232; baseline 0 -12"><span class='ocrx_word' id='word_1_116' title='bbox 295 1179 571 1232; x_wconf 87' lang='lat' dir='ltr'><strong>consumunt,</strong></span> <span class='ocrx_word' id='word_1_117' title='bbox 606 1178 823 1231; x_wconf 88' lang='lat' dir='ltr'><strong>nepotes</strong></span> <span class='ocrx_word' id='word_1_118' title='bbox 861 1176 1072 1219; x_wconf 82' lang='lat' dir='ltr'><strong>dicuntur.</strong></span> <span class='ocrx_word' id='word_1_119' title='bbox 1128 1176 1229 1218; x_wconf 90' lang='lat' dir='ltr'><strong>hinc</strong></span> <span class='ocrx_word' id='word_1_120' title='bbox 1274 1191 1442 1231; x_wconf 91' lang='lat' dir='ltr'><strong>quoque</strong></span> <span class='ocrx_word' id='word_1_121' title='bbox 1490 1177 1762 1232; x_wconf 84' lang='lat' dir='ltr'><strong>nepotatio</strong></span> 
     </span>
     <span class='ocr_line' id='line_1_18' title="bbox 294 1235 1762 1292; baseline 0.001 -14"><span class='ocrx_word' id='word_1_122' title='bbox 294 1252 372 1292; x_wconf 89' lang='lat' dir='ltr'><strong>pro</strong></span> <span class='ocrx_word' id='word_1_123' title='bbox 405 1237 575 1278; x_wconf 87' lang='lat' dir='ltr'><strong>luxuria</strong></span> <span class='ocrx_word' id='word_1_124' title='bbox 606 1235 795 1291; x_wconf 89' lang='lat' dir='ltr'><strong>ponitur,</strong></span> <span class='ocrx_word' id='word_1_125' title='bbox 828 1250 912 1291; x_wconf 88' lang='lat' dir='ltr'><strong>qua</strong></span> <span class='ocrx_word' id='word_1_126' title='bbox 943 1237 1086 1277; x_wconf 90' lang='lat' dir='ltr'><strong>certae</strong></span> <span class='ocrx_word' id='word_1_127' title='bbox 1118 1250 1310 1291; x_wconf 84' lang='lat' dir='ltr'><strong>quaeque</strong></span> <span class='ocrx_word' id='word_1_128' title='bbox 1341 1249 1409 1277; x_wconf 87' lang='lat' dir='ltr'><strong>res</strong></span> <span class='ocrx_word' id='word_1_129' title='bbox 1442 1238 1762 1279; x_wconf 87' lang='lat' dir='ltr'><strong>consumuntur.</strong></span> 
     </span>
    </p>

    <p class='ocr_par' dir='ltr' id='par_1_9' title="bbox 235 1294 1764 1398">
     <span class='ocr_line' id='line_1_19' title="bbox 235 1294 1763 1350; baseline -0.001 -11"><span class='ocrx_word' id='word_1_130' title='bbox 235 1296 486 1340; x_wconf 88' lang='lat' dir='ltr'><strong>Numeros</strong></span> <span class='ocrx_word' id='word_1_131' title='bbox 537 1295 856 1338; x_wconf 88' lang='lat' dir='ltr'><strong>omnimodos</strong></span> <span class='ocrx_word' id='word_1_132' title='bbox 905 1295 1083 1350; x_wconf 88' lang='lat' dir='ltr'><strong>pulsas</strong></span> <span class='ocrx_word' id='word_1_133' title='bbox 1140 1297 1227 1337; x_wconf 89' lang='lat' dir='ltr'><strong>tuo</strong></span> <span class='ocrx_word' id='word_1_134' title='bbox 1282 1294 1496 1350; x_wconf 88' lang='lat' dir='ltr'><strong>plectro.</strong></span> <span class='ocrx_word' id='word_1_135' title='bbox 1561 1310 1763 1338; x_wconf 88' lang='lat' dir='ltr'><strong>numeros</strong></span> 
     </span>
     <span class='ocr_line' id='line_1_20' title="bbox 296 1353 1764 1398; baseline 0 -1"><span class='ocrx_word' id='word_1_136' title='bbox 296 1355 401 1398; x_wconf 90' lang='lat' dir='ltr'><strong>dicit</strong></span> <span class='ocrx_word' id='word_1_137' title='bbox 433 1355 612 1398; x_wconf 89' lang='lat' dir='ltr'><strong>chordas</strong></span> <span class='ocrx_word' id='word_1_138' title='bbox 645 1354 735 1396; x_wconf 86' lang='lat' dir='ltr'><strong>siue</strong></span> <span class='ocrx_word' id='word_1_139' title='bbox 765 1369 922 1396; x_wconf 89' lang='lat' dir='ltr'><strong>neruos</strong></span> <span class='ocrx_word' id='word_1_140' title='bbox 955 1354 1159 1396; x_wconf 83' lang='lat' dir='ltr'><strong>citharae.</strong></span> <span class='ocrx_word' id='word_1_141' title='bbox 1207 1369 1308 1396; x_wconf 91' lang='lat' dir='ltr'><strong>nam</strong></span> <span class='ocrx_word' id='word_1_142' title='bbox 1339 1353 1552 1396; x_wconf 91' lang='lat' dir='ltr'><strong>citharam</strong></span> <span class='ocrx_word' id='word_1_143' title='bbox 1583 1355 1764 1398; x_wconf 87' lang='lat' dir='ltr'><strong>diuersis</strong></span> 
     </span>
    </p>

    <p class='ocr_par' dir='ltr' id='par_1_10' title="bbox 184 1412 1767 1707">
     <span class='ocr_line' id='line_1_21' title="bbox 184 1412 1765 1468; baseline -0.001 -11"><span class='ocrx_word' id='word_1_144' title='bbox 184 1427 219 1452; x_wconf 84' lang='lat'><strong>20</strong></span> <span class='ocrx_word' id='word_1_145' title='bbox 295 1415 487 1457; x_wconf 89' lang='lat' dir='ltr'><strong>numeris</strong></span> <span class='ocrx_word' id='word_1_146' title='bbox 526 1430 551 1457; x_wconf 91' lang='lat' dir='ltr'><strong>a</strong></span> <span class='ocrx_word' id='word_1_147' title='bbox 588 1412 806 1456; x_wconf 89' lang='lat' dir='ltr'><strong>ueteribus</strong></span> <span class='ocrx_word' id='word_1_148' title='bbox 845 1415 1015 1456; x_wconf 89' lang='lat' dir='ltr'><strong>constat</strong></span> <span class='ocrx_word' id='word_1_149' title='bbox 1053 1428 1145 1456; x_wconf 89' lang='lat' dir='ltr'><strong>esse</strong></span> <span class='ocrx_word' id='word_1_150' title='bbox 1184 1413 1469 1468; x_wconf 87' lang='lat' dir='ltr'><strong>compositam</strong></span> <span class='ocrx_word' id='word_1_151' title='bbox 1513 1413 1632 1456; x_wconf 88' lang='lat' dir='ltr'><strong>iuxta</strong></span> <span class='ocrx_word' id='word_1_152' title='bbox 1667 1413 1765 1457; x_wconf 86' lang='lat' dir='ltr'><strong>har-</strong></span> 
     </span>
     <span class='ocr_line' id='line_1_22' title="bbox 297 1473 1764 1528; baseline 0.001 -12"><span class='ocrx_word' id='word_1_153' title='bbox 297 1474 487 1517; x_wconf 83' lang='lat' dir='ltr'><strong>moniam</strong></span> <span class='ocrx_word' id='word_1_154' title='bbox 505 1473 665 1515; x_wconf 91' lang='lat' dir='ltr'><strong>mundi.</strong></span> <span class='ocrx_word' id='word_1_155' title='bbox 701 1473 813 1515; x_wconf 86' lang='lat' dir='ltr'><strong>unde</strong></span> <span class='ocrx_word' id='word_1_156' title='bbox 833 1473 891 1528; x_wconf 90' lang='lat' dir='ltr'><strong>hi,</strong></span> <span class='ocrx_word' id='word_1_157' title='bbox 922 1473 1067 1528; x_wconf 88' lang='lat' dir='ltr'><strong>quiex</strong></span> <span class='ocrx_word' id='word_1_158' title='bbox 1094 1475 1279 1528; x_wconf 89' lang='lat' dir='ltr'><strong>quatuor</strong></span> <span class='ocrx_word' id='word_1_159' title='bbox 1310 1473 1535 1516; x_wconf 87' lang='lat' dir='ltr'><strong>elementis</strong></span> <span class='ocrx_word' id='word_1_160' title='bbox 1568 1476 1764 1517; x_wconf 87' lang='lat' dir='ltr'><strong>constare</strong></span> 
     </span>
     <span class='ocr_line' id='line_1_23' title="bbox 297 1532 1767 1588; baseline 0 -12"><span class='ocrx_word' id='word_1_161' title='bbox 297 1534 500 1576; x_wconf 86' lang='lat' dir='ltr'><strong>universa</strong></span> <span class='ocrx_word' id='word_1_162' title='bbox 543 1533 760 1588; x_wconf 86' lang='lat' dir='ltr'><strong>dixerunt,</strong></span> <span class='ocrx_word' id='word_1_163' title='bbox 804 1532 1110 1574; x_wconf 86' lang='lat' dir='ltr'><strong>tetrachordon</strong></span> <span class='ocrx_word' id='word_1_164' title='bbox 1146 1533 1350 1575; x_wconf 87' lang='lat' dir='ltr'><strong>fecerunt.</strong></span> <span class='ocrx_word' id='word_1_165' title='bbox 1409 1533 1583 1588; x_wconf 89' lang='lat' dir='ltr'><strong>quidam</strong></span> <span class='ocrx_word' id='word_1_166' title='bbox 1619 1535 1767 1588; x_wconf 85' lang='lat' dir='ltr'><strong>penta-</strong></span> 
     </span>
     <span class='ocr_line' id='line_1_24' title="bbox 300 1591 1767 1647; baseline 0 -12"><span class='ocrx_word' id='word_1_167' title='bbox 300 1593 502 1647; x_wconf 89' lang='lat' dir='ltr'><strong>chordon,</strong></span> <span class='ocrx_word' id='word_1_168' title='bbox 533 1592 737 1634; x_wconf 90' lang='lat' dir='ltr'><strong>addentes</strong></span> <span class='ocrx_word' id='word_1_169' title='bbox 764 1594 948 1646; x_wconf 90' lang='lat' dir='ltr'><strong>quatuor</strong></span> <span class='ocrx_word' id='word_1_170' title='bbox 968 1591 1193 1634; x_wconf 88' lang='lat' dir='ltr'><strong>elementis</strong></span> <span class='ocrx_word' id='word_1_171' title='bbox 1214 1591 1407 1633; x_wconf 89' lang='lat' dir='ltr'><strong>diuinam</strong></span> <span class='ocrx_word' id='word_1_172' title='bbox 1436 1593 1767 1647; x_wconf 89' lang='lat' dir='ltr'><strong>prouidentiam.</strong></span> 
     </span>
     <span class='ocr_line' id='line_1_25' title="bbox 298 1650 1767 1707; baseline 0 -13"><span class='ocrx_word' id='word_1_173' title='bbox 298 1652 499 1695; x_wconf 87' lang='lat' dir='ltr'><strong>nonnulli</strong></span> <span class='ocrx_word' id='word_1_174' title='bbox 510 1650 835 1707; x_wconf 90' lang='lat' dir='ltr'><strong>heptachordon</strong></span> <span class='ocrx_word' id='word_1_175' title='bbox 850 1651 1202 1693; x_wconf 85' lang='lat' dir='ltr'><strong>iuxtanumerum</strong></span> <span class='ocrx_word' id='word_1_176' title='bbox 1211 1653 1375 1706; x_wconf 88' lang='lat' dir='ltr'><strong>septem</strong></span> <span class='ocrx_word' id='word_1_177' title='bbox 1383 1651 1571 1707; x_wconf 90' lang='lat' dir='ltr'><strong>deorum,</strong></span> <span class='ocrx_word' id='word_1_178' title='bbox 1587 1657 1767 1707; x_wconf 75' lang='lat' dir='ltr'><strong>quorum</strong></span> 
     </span>
    </p>

    <p class='ocr_par' dir='ltr' id='par_1_11' title="bbox 136 1709 1767 1885">
     <span class='ocr_line' id='line_1_26' title="bbox 136 1709 1765 1766; baseline 0 -12"><span class='ocrx_word' id='word_1_179' title='bbox 136 1759 141 1765; x_wconf 26' lang='lat'>¹</span> <span class='ocrx_word' id='word_1_180' title='bbox 186 1723 220 1749; x_wconf 85' lang='lat'><strong>25</strong></span> <span class='ocrx_word' id='word_1_181' title='bbox 298 1711 545 1754; x_wconf 89' lang='lat' dir='ltr'><strong>nominibus</strong></span> <span class='ocrx_word' id='word_1_182' title='bbox 589 1711 679 1752; x_wconf 89' lang='lat' dir='ltr'><strong>dies</strong></span> <span class='ocrx_word' id='word_1_183' title='bbox 724 1713 1036 1765; x_wconf 86' lang='lat' dir='ltr'><strong>nuncupantur.</strong></span> <span class='ocrx_word' id='word_1_184' title='bbox 1103 1710 1179 1752; x_wconf 89' lang='lat' dir='ltr'><strong>alii</strong></span> <span class='ocrx_word' id='word_1_185' title='bbox 1230 1709 1549 1766; x_wconf 89' lang='lat' dir='ltr'><strong>ennachordon,</strong></span> <span class='ocrx_word' id='word_1_186' title='bbox 1587 1712 1660 1766; x_wconf 88' lang='lat' dir='ltr'><strong>qui</strong></span> <span class='ocrx_word' id='word_1_187' title='bbox 1697 1711 1765 1754; x_wconf 89' lang='lat' dir='ltr'><strong>his</strong></span> 
     </span>
     <span class='ocr_line' id='line_1_27' title="bbox 299 1769 1767 1827; baseline 0 -14"><span class='ocrx_word' id='word_1_188' title='bbox 299 1774 467 1827; x_wconf 89' lang='lat' dir='ltr'><strong>septem</strong></span> <span class='ocrx_word' id='word_1_189' title='bbox 481 1770 766 1812; x_wconf 85' lang='lat' dir='ltr'><strong>adiunxerunt</strong></span> <span class='ocrx_word' id='word_1_190' title='bbox 779 1769 945 1812; x_wconf 88' lang='lat' dir='ltr'><strong>caelum</strong></span> <span class='ocrx_word' id='word_1_191' title='bbox 959 1772 1002 1812; x_wconf 90' lang='lat' dir='ltr'><strong>et</strong></span> <span class='ocrx_word' id='word_1_192' title='bbox 1021 1772 1194 1825; x_wconf 89' lang='lat' dir='ltr'><strong>terram,</strong></span> <span class='ocrx_word' id='word_1_193' title='bbox 1207 1769 1277 1811; x_wconf 92' lang='lat' dir='ltr'><strong>uel</strong></span> <span class='ocrx_word' id='word_1_194' title='bbox 1295 1772 1474 1825; x_wconf 91' lang='lat' dir='ltr'><strong>propter</strong></span> <span class='ocrx_word' id='word_1_195' title='bbox 1486 1771 1767 1813; x_wconf 88' lang='lat' dir='ltr'><strong>nouenarium</strong></span> 
     </span>
     <span class='ocr_line' id='line_1_28' title="bbox 303 1829 585 1885; baseline -0.007 -12"><span class='ocrx_word' id='word_1_196' title='bbox 303 1831 355 1873; x_wconf 92' lang='lat' dir='ltr'><strong>ab</strong></span> <span class='ocrx_word' id='word_1_197' title='bbox 390 1829 585 1885; x_wconf 85' lang='lat' dir='ltr'><strong>astagiis.</strong></span> 
     </span>
    </p>

    <p class='ocr_par' dir='ltr' id='par_1_12' title="bbox 240 1888 1767 1943">
     <span class='ocr_line' id='line_1_29' title="bbox 240 1888 1767 1943; baseline 0 -11"><span class='ocrx_word' id='word_1_198' title='bbox 240 1889 462 1932; x_wconf 89' lang='lat' dir='ltr'><strong>Nauiter</strong></span> <span class='ocrx_word' id='word_1_199' title='bbox 495 1891 560 1931; x_wconf 90' lang='lat' dir='ltr'><strong>est</strong></span> <span class='ocrx_word' id='word_1_200' title='bbox 579 1889 687 1931; x_wconf 92' lang='lat' dir='ltr'><strong>bene</strong></span> <span class='ocrx_word' id='word_1_201' title='bbox 714 1890 757 1931; x_wconf 87' lang='lat' dir='ltr'><strong>et</strong></span> <span class='ocrx_word' id='word_1_202' title='bbox 776 1888 987 1930; x_wconf 88' lang='lat' dir='ltr'><strong>industrie</strong></span> <span class='ocrx_word' id='word_1_203' title='bbox 1011 1890 1063 1936; x_wconf 65' lang='lat' dir='ltr'><strong>‚et</strong></span> <span class='ocrx_word' id='word_1_204' title='bbox 1094 1890 1229 1943; x_wconf 90' lang='lat' dir='ltr'><strong>caute,</strong></span> <span class='ocrx_word' id='word_1_205' title='bbox 1261 1903 1357 1930; x_wconf 91' lang='lat' dir='ltr'><strong>cum</strong></span> <span class='ocrx_word' id='word_1_206' title='bbox 1386 1903 1523 1931; x_wconf 90' lang='lat' dir='ltr'><strong>nauus</strong></span> <span class='ocrx_word' id='word_1_207' title='bbox 1557 1889 1615 1931; x_wconf 91' lang='lat' dir='ltr'><strong>sit</strong></span> <span class='ocrx_word' id='word_1_208' title='bbox 1645 1889 1767 1933; x_wconf 90' lang='lat' dir='ltr'><strong>uelut</strong></span> 
     </span>
    </p>
   </div>
   <div class='ocr_carea' id='block_1_3' title="bbox 242 2027 1772 2877">
    <p class='ocr_par' dir='ltr' id='par_1_13' title="bbox 242 2027 1769 2547">
     <span class='ocr_line' id='line_1_30' title="bbox 338 2027 1769 2075; baseline 0 -10"><span class='ocrx_word' id='word_1_209' title='bbox 338 2033 358 2065; x_wconf 91' lang='lat'>5</span> <span class='ocrx_word' id='word_1_210' title='bbox 385 2029 445 2065; x_wconf 90' lang='lat' dir='ltr'><strong>cui</strong></span> <span class='ocrx_word' id='word_1_211' title='bbox 468 2029 540 2065; x_wconf 88' lang='lat' dir='ltr'><strong>hoc</strong></span> <span class='ocrx_word' id='word_1_212' title='bbox 565 2028 660 2064; x_wconf 85' lang='lat' dir='ltr'><strong>Isid.</strong></span> <span class='ocrx_word' id='word_1_213' title='bbox 685 2028 736 2066; x_wconf 89' lang='lat' dir='ltr'><strong>N.</strong></span> <span class='ocrx_word' id='word_1_214' title='bbox 761 2028 808 2064; x_wconf 89' lang='lat' dir='ltr'><strong>R.</strong></span> <span class='ocrx_word' id='word_1_215' title='bbox 835 2032 922 2072; x_wconf 75' lang='lat'><strong>2,2.:</strong></span> <span class='ocrx_word' id='word_1_216' title='bbox 948 2027 1052 2063; x_wconf 86' lang='lat' dir='ltr'><strong>cuius</strong></span> <span class='ocrx_word' id='word_1_217' title='bbox 1077 2027 1124 2072; x_wconf 90' lang='lat' dir='ltr'><strong>R,</strong></span> <span class='ocrx_word' id='word_1_218' title='bbox 1150 2027 1209 2063; x_wconf 90' lang='lat' dir='ltr'><strong>cui</strong></span> <span class='ocrx_word' id='word_1_219' title='bbox 1235 2028 1279 2062; x_wconf 90' lang='lat' dir='ltr'><em>H</em></span> <span class='ocrx_word' id='word_1_220' title='bbox 1378 2032 1397 2063; x_wconf 82' lang='lat'>7</span> <span class='ocrx_word' id='word_1_221' title='bbox 1423 2028 1462 2063; x_wconf 90' lang='lat' dir='ltr'><strong>id</strong></span> <span class='ocrx_word' id='word_1_222' title='bbox 1488 2029 1544 2064; x_wconf 84' lang='lat' dir='ltr'><strong>est</strong></span> <span class='ocrx_word' id='word_1_223' title='bbox 1570 2050 1612 2054; x_wconf 91' lang='lat'><em>-</em></span> <span class='ocrx_word' id='word_1_224' title='bbox 1639 2029 1769 2075; x_wconf 86' lang='lat' dir='ltr'><strong>quieta</strong></span> 
     </span>
     <span class='ocr_line' id='line_1_31' title="bbox 243 2075 1767 2121; baseline -0.001 -8"><span class='ocrx_word' id='word_1_225' title='bbox 243 2077 329 2113; x_wconf 89' lang='lat' dir='ltr'><strong>sunt</strong></span> <span class='ocrx_word' id='word_1_226' title='bbox 362 2077 612 2121; x_wconf 79' lang='lat' dir='ltr'><strong>suppleuimus</strong></span> <span class='ocrx_word' id='word_1_227' title='bbox 642 2087 686 2111; x_wconf 74' lang='lat' dir='ltr'><strong>eoe</strong></span> <span class='ocrx_word' id='word_1_228' title='bbox 711 2076 806 2112; x_wconf 79' lang='lat' dir='ltr'><strong>Isid.</strong></span> <span class='ocrx_word' id='word_1_229' title='bbox 835 2076 885 2111; x_wconf 91' lang='lat' dir='ltr'><strong>N.</strong></span> <span class='ocrx_word' id='word_1_230' title='bbox 911 2075 958 2110; x_wconf 83' lang='lat' dir='ltr'><strong>R.</strong></span> <span class='ocrx_word' id='word_1_231' title='bbox 985 2080 1017 2111; x_wconf 80' lang='lat'><strong>2.</strong></span> <span class='ocrx_word' id='word_1_232' title='bbox 1057 2076 1101 2119; x_wconf 79' lang='lat' dir='ltr'><strong>cf.</strong></span> <span class='ocrx_word' id='word_1_233' title='bbox 1128 2076 1249 2120; x_wconf 80' lang='lat' dir='ltr'><strong>praef.</strong></span> <span class='ocrx_word' id='word_1_234' title='bbox 1276 2087 1304 2111; x_wconf 89' lang='lat' dir='ltr'><strong>c.</strong></span> <span class='ocrx_word' id='word_1_235' title='bbox 1330 2075 1374 2111; x_wconf 93' lang='lat' dir='ltr'><strong>V.</strong></span> <span class='ocrx_word' id='word_1_236' title='bbox 1407 2075 1665 2121; x_wconf 73' lang='lat' dir='ltr'><strong>explicationes</strong></span> <span class='ocrx_word' id='word_1_237' title='bbox 1689 2087 1767 2113; x_wconf 82' lang='lat' dir='ltr'><strong>uoc.</strong></span> 
     </span>
     <span class='ocr_line' id='line_1_32' title="bbox 243 2122 1768 2168; baseline 0 -8"><span class='ocrx_word' id='word_1_238' title='bbox 243 2123 463 2160; x_wconf 89' lang='lat' dir='ltr'><strong>concubium</strong></span> <span class='ocrx_word' id='word_1_239' title='bbox 484 2127 516 2158; x_wconf 88' lang='lat' dir='ltr'><strong>ct</strong></span> <span class='ocrx_word' id='word_1_240' title='bbox 535 2123 739 2158; x_wconf 86' lang='lat' dir='ltr'><strong>diluculum</strong></span> <span class='ocrx_word' id='word_1_241' title='bbox 759 2127 792 2159; x_wconf 82' lang='lat' dir='ltr'><strong>et</strong></span> <span class='ocrx_word' id='word_1_242' title='bbox 809 2124 910 2168; x_wconf 83' lang='lat' dir='ltr'><strong>ipsas</strong></span> <span class='ocrx_word' id='word_1_243' title='bbox 929 2134 996 2158; x_wconf 87' lang='lat' dir='ltr'><strong>om.</strong></span> <span class='ocrx_word' id='word_1_244' title='bbox 1017 2123 1104 2158; x_wconf 80' lang='lat' dir='ltr'><strong>libri</strong></span> <span class='ocrx_word' id='word_1_245' title='bbox 1200 2126 1220 2157; x_wconf 88' lang='lat'>9</span> <span class='ocrx_word' id='word_1_246' title='bbox 1247 2122 1348 2158; x_wconf 85' lang='lat' dir='ltr'><strong>dicta</strong></span> <span class='ocrx_word' id='word_1_247' title='bbox 1372 2123 1418 2158; x_wconf 90' lang='lat' dir='ltr'><em>H</em></span> <span class='ocrx_word' id='word_1_248' title='bbox 1511 2127 1551 2158; x_wconf 87' lang='lat'><strong>11</strong></span> <span class='ocrx_word' id='word_1_249' title='bbox 1579 2123 1768 2160; x_wconf 67' lang='lat' dir='ltr'><strong>Neuter-ici</strong></span> 
     </span>
     <span class='ocr_line' id='line_1_33' title="bbox 244 2169 1768 2216; baseline -0.001 -9"><span class='ocrx_word' id='word_1_250' title='bbox 244 2172 278 2208; x_wconf 78' lang='lat' dir='ltr'><strong><em>G</em></strong></span> <span class='ocrx_word' id='word_1_251' title='bbox 376 2175 418 2206; x_wconf 84' lang='lat'><strong>12</strong></span> <span class='ocrx_word' id='word_1_252' title='bbox 445 2171 712 2216; x_wconf 86' lang='lat' dir='ltr'><strong>Nucispineum</strong></span> <span class='ocrx_word' id='word_1_253' title='bbox 737 2171 830 2206; x_wconf 88' lang='lat' dir='ltr'><strong>HR:</strong></span> <span class='ocrx_word' id='word_1_254' title='bbox 865 2170 980 2205; x_wconf 86' lang='lat' dir='ltr'><strong>Nucis</strong></span> <span class='ocrx_word' id='word_1_255' title='bbox 1006 2170 1168 2215; x_wconf 84' lang='lat' dir='ltr'><strong>pin-eum</strong></span> <span class='ocrx_word' id='word_1_256' title='bbox 1195 2169 1233 2214; x_wconf 80' lang='lat' dir='ltr'><strong>G,</strong></span> <span class='ocrx_word' id='word_1_257' title='bbox 1259 2170 1367 2206; x_wconf 88' lang='lat' dir='ltr'><strong>Nunc</strong></span> <span class='ocrx_word' id='word_1_258' title='bbox 1393 2181 1570 2215; x_wconf 85' lang='lat' dir='ltr'><strong>speneum</strong></span> <span class='ocrx_word' id='word_1_259' title='bbox 1593 2182 1614 2206; x_wconf 87' lang='lat' dir='ltr'><em>v</em></span> <span class='ocrx_word' id='word_1_260' title='bbox 1636 2173 1642 2216; x_wconf 78' lang='grc' dir='ltr'>Ι</span> <span class='ocrx_word' id='word_1_261' title='bbox 1663 2171 1768 2206; x_wconf 87' lang='lat' dir='ltr'><strong>nudi-</strong></span> 
     </span>
     <span class='ocr_line' id='line_1_34' title="bbox 242 2217 1769 2265; baseline 0 -11"><span class='ocrx_word' id='word_1_262' title='bbox 242 2219 393 2265; x_wconf 88' lang='lat' dir='ltr'><strong>pineum</strong></span> <span class='ocrx_word' id='word_1_263' title='bbox 414 2219 502 2263; x_wconf 80' lang='lat' dir='ltr'><strong>HR,</strong></span> <span class='ocrx_word' id='word_1_264' title='bbox 522 2217 614 2253; x_wconf 91' lang='lat' dir='ltr'><strong>nudi</strong></span> <span class='ocrx_word' id='word_1_265' title='bbox 632 2218 795 2263; x_wconf 87' lang='lat' dir='ltr'><strong>pirreum</strong></span> <span class='ocrx_word' id='word_1_266' title='bbox 817 2217 852 2262; x_wconf 81' lang='grc' dir='ltr'><strong>Ο,</strong></span> <span class='ocrx_word' id='word_1_267' title='bbox 874 2229 971 2252; x_wconf 87' lang='grc'><strong>1111116</strong></span> <span class='ocrx_word' id='word_1_268' title='bbox 989 2217 1208 2263; x_wconf 89' lang='lat' dir='ltr'><strong>lipidineum</strong></span> <span class='ocrx_word' id='word_1_269' title='bbox 1227 2229 1248 2253; x_wconf 83' lang='lat' dir='ltr'><strong><em>v</em></strong></span> <span class='ocrx_word' id='word_1_270' title='bbox 1347 2222 1389 2252; x_wconf 89' lang='lat'><strong>13</strong></span> <span class='ocrx_word' id='word_1_271' title='bbox 1410 2217 1573 2263; x_wconf 83' lang='lat' dir='ltr'><strong>scorpios</strong></span> <span class='ocrx_word' id='word_1_272' title='bbox 1593 2218 1691 2264; x_wconf 85' lang='lat' dir='ltr'><strong>(scor</strong></span> <span class='ocrx_word' id='word_1_273' title='bbox 1717 2219 1769 2264; x_wconf 92' lang='lat' dir='ltr'><strong>io)</strong></span> 
     </span>
     <span class='ocr_line' id='line_1_35' title="bbox 244 2263 1769 2311; baseline 0 -9"><span class='ocrx_word' id='word_1_274' title='bbox 244 2267 278 2302; x_wconf 77' lang='lat' dir='ltr'><strong><em>G</em></strong></span> <span class='ocrx_word' id='word_1_275' title='bbox 410 2270 450 2301; x_wconf 80' lang='lat'><strong>17</strong></span> <span class='ocrx_word' id='word_1_276' title='bbox 479 2277 544 2311; x_wconf 88' lang='lat' dir='ltr'><strong>pro</strong></span> <span class='ocrx_word' id='word_1_277' title='bbox 568 2265 715 2301; x_wconf 85' lang='lat' dir='ltr'><strong>luxuria</strong></span> <span class='ocrx_word' id='word_1_278' title='bbox 739 2265 828 2300; x_wconf 76' lang='lat' dir='ltr'><strong>RG:</strong></span> <span class='ocrx_word' id='word_1_279' title='bbox 854 2276 920 2310; x_wconf 85' lang='lat' dir='ltr'><strong>per</strong></span> <span class='ocrx_word' id='word_1_280' title='bbox 944 2264 1131 2299; x_wconf 84' lang='lat' dir='ltr'><strong>luxuriam</strong></span> <span class='ocrx_word' id='word_1_281' title='bbox 1157 2263 1231 2300; x_wconf 84' lang='lat' dir='ltr'><strong>GH</strong></span> <span class='ocrx_word' id='word_1_282' title='bbox 1357 2269 1399 2300; x_wconf 88' lang='lat'><strong>18</strong></span> <span class='ocrx_word' id='word_1_283' title='bbox 1426 2264 1656 2301; x_wconf 88' lang='lat' dir='ltr'><strong>omnimodos</strong></span> <span class='ocrx_word' id='word_1_284' title='bbox 1718 2266 1769 2302; x_wconf 76' lang='lat' dir='ltr'><strong>G:</strong></span> 
     </span>
     <span class='ocr_line' id='line_1_36' title="bbox 245 2311 1769 2357; baseline -0.001 -8"><span class='ocrx_word' id='word_1_285' title='bbox 245 2313 458 2350; x_wconf 89' lang='lat' dir='ltr'><strong>omnimodo</strong></span> <span class='ocrx_word' id='word_1_286' title='bbox 486 2312 516 2349; x_wconf 82' lang='lat' dir='ltr'><strong><em>G</em></strong></span> <span class='ocrx_word' id='word_1_287' title='bbox 535 2314 539 2356; x_wconf 87' lang='grc' dir='ltr'>Ι</span> <span class='ocrx_word' id='word_1_288' title='bbox 562 2323 734 2348; x_wconf 89' lang='lat' dir='ltr'><strong>numeros</strong></span> <span class='ocrx_word' id='word_1_289' title='bbox 762 2312 841 2348; x_wconf 75' lang='lat' dir='ltr'><strong>OG:</strong></span> <span class='ocrx_word' id='word_1_290' title='bbox 868 2323 982 2348; x_wconf 90' lang='lat' dir='ltr'><strong>neruo</strong></span> <span class='ocrx_word' id='word_1_291' title='bbox 1007 2311 1085 2346; x_wconf 82' lang='lat' dir='ltr'><strong>HR</strong></span> <span class='ocrx_word' id='word_1_292' title='bbox 1211 2316 1255 2347; x_wconf 82' lang='lat'><strong>20</strong></span> <span class='ocrx_word' id='word_1_293' title='bbox 1281 2323 1304 2347; x_wconf 91' lang='lat' dir='ltr'><strong>a</strong></span> <span class='ocrx_word' id='word_1_294' title='bbox 1329 2311 1381 2347; x_wconf 78' lang='lat' dir='ltr'><strong>G:</strong></span> <span class='ocrx_word' id='word_1_295' title='bbox 1407 2313 1473 2347; x_wconf 82' lang='lat' dir='ltr'><strong>aut</strong></span> <span class='ocrx_word' id='word_1_296' title='bbox 1500 2312 1536 2346; x_wconf 91' lang='lat' dir='ltr'><strong><em>P</em></strong></span> <span class='ocrx_word' id='word_1_297' title='bbox 1555 2314 1560 2357; x_wconf 80' lang='grc' dir='ltr'>Ι</span> <span class='ocrx_word' id='word_1_298' title='bbox 1582 2313 1769 2348; x_wconf 84' lang='lat' dir='ltr'><strong>ueteribus</strong></span> 
     </span>
     <span class='ocr_line' id='line_1_37' title="bbox 245 2359 1769 2404; baseline -0.001 -7"><span class='ocrx_word' id='word_1_299' title='bbox 245 2361 295 2397; x_wconf 77' lang='lat' dir='ltr'><strong>G:</strong></span> <span class='ocrx_word' id='word_1_300' title='bbox 322 2360 446 2396; x_wconf 87' lang='lat' dir='ltr'><strong>eribus</strong></span> <span class='ocrx_word' id='word_1_301' title='bbox 473 2360 560 2404; x_wconf 83' lang='lat' dir='ltr'><strong>HR,</strong></span> <span class='ocrx_word' id='word_1_302' title='bbox 586 2360 710 2395; x_wconf 88' lang='lat' dir='ltr'><strong>neruis</strong></span> <span class='ocrx_word' id='word_1_303' title='bbox 739 2359 770 2395; x_wconf 77' lang='lat' dir='ltr'><strong><em>G</em></strong></span> <span class='ocrx_word' id='word_1_304' title='bbox 879 2363 923 2394; x_wconf 79' lang='lat'><strong>25</strong></span> <span class='ocrx_word' id='word_1_305' title='bbox 950 2359 1029 2394; x_wconf 87' lang='lat' dir='ltr'><strong>dies</strong></span> <span class='ocrx_word' id='word_1_306' title='bbox 1054 2359 1265 2395; x_wconf 81' lang='lat' dir='ltr'><strong>nominibus</strong></span> <span class='ocrx_word' id='word_1_307' title='bbox 1291 2360 1378 2394; x_wconf 77' lang='lat' dir='ltr'><strong>libri</strong></span> <span class='ocrx_word' id='word_1_308' title='bbox 1399 2361 1403 2404; x_wconf 92' lang='grc' dir='ltr'>Ι</span> <span class='ocrx_word' id='word_1_309' title='bbox 1426 2360 1708 2395; x_wconf 84' lang='lat' dir='ltr'><strong>enneachordon</strong></span> <span class='ocrx_word' id='word_1_310' title='bbox 1732 2360 1769 2395; x_wconf 79' lang='lat' dir='ltr'><em>R</em></span> 
     </span>
     <span class='ocr_line' id='line_1_38' title="bbox 245 2406 1768 2453; baseline -0.001 -9"><span class='ocrx_word' id='word_1_311' title='bbox 245 2413 290 2444; x_wconf 81' lang='lat'><strong>27</strong></span> <span class='ocrx_word' id='word_1_312' title='bbox 317 2407 470 2453; x_wconf 80' lang='lat' dir='ltr'><strong>astagiis</strong></span> <span class='ocrx_word' id='word_1_313' title='bbox 500 2407 550 2442; x_wconf 85' lang='lat' dir='ltr'><strong>P:</strong></span> <span class='ocrx_word' id='word_1_314' title='bbox 577 2406 722 2453; x_wconf 83' lang='lat' dir='ltr'><strong>astigiis</strong></span> <span class='ocrx_word' id='word_1_315' title='bbox 748 2407 782 2442; x_wconf 76' lang='lat' dir='ltr'><em>G</em></span> <span class='ocrx_word' id='word_1_316' title='bbox 878 2411 922 2442; x_wconf 81' lang='lat'><strong>28</strong></span> <span class='ocrx_word' id='word_1_317' title='bbox 949 2418 1030 2442; x_wconf 91' lang='lat' dir='ltr'><strong>cum</strong></span> <span class='ocrx_word' id='word_1_318' title='bbox 1050 2417 1167 2441; x_wconf 87' lang='lat' dir='ltr'><strong>nauus</strong></span> <span class='ocrx_word' id='word_1_319' title='bbox 1186 2407 1326 2452; x_wconf 77' lang='lat' dir='ltr'><strong>scripsi.</strong></span> <span class='ocrx_word' id='word_1_320' title='bbox 1354 2407 1404 2449; x_wconf 83' lang='lat' dir='ltr'><strong>(u.</strong></span> <span class='ocrx_word' id='word_1_321' title='bbox 1425 2407 1485 2441; x_wconf 86' lang='lat' dir='ltr'><strong>lib.</strong></span> <span class='ocrx_word' id='word_1_322' title='bbox 1504 2407 1608 2451; x_wconf 76' lang='lat' dir='ltr'><strong>yloss.</strong></span> <span class='ocrx_word' id='word_1_323' title='bbox 1628 2407 1768 2451; x_wconf 87' lang='lat' dir='ltr'><strong>Nauus,</strong></span> 
     </span>
     <span class='ocr_line' id='line_1_39' title="bbox 246 2453 1766 2501; baseline -0.001 -10"><span class='ocrx_word' id='word_1_324' title='bbox 246 2456 310 2500; x_wconf 88' lang='lat' dir='ltr'><strong>qui</strong></span> <span class='ocrx_word' id='word_1_325' title='bbox 340 2467 418 2491; x_wconf 87' lang='lat' dir='ltr'><strong>rem</strong></span> <span class='ocrx_word' id='word_1_326' title='bbox 450 2466 707 2500; x_wconf 83' lang='lat' dir='ltr'><strong>quamcunque</strong></span> <span class='ocrx_word' id='word_1_327' title='bbox 742 2454 908 2490; x_wconf 89' lang='lat' dir='ltr'><strong>continet</strong></span> <span class='ocrx_word' id='word_1_328' title='bbox 937 2454 999 2489; x_wconf 88' lang='lat' dir='ltr'><strong>uel</strong></span> <span class='ocrx_word' id='word_1_329' title='bbox 1029 2454 1241 2501; x_wconf 87' lang='lat' dir='ltr'><strong>gubernat):</strong></span> <span class='ocrx_word' id='word_1_330' title='bbox 1273 2455 1316 2489; x_wconf 91' lang='lat' dir='ltr'><strong>ut</strong></span> <span class='ocrx_word' id='word_1_331' title='bbox 1345 2453 1426 2498; x_wconf 85' lang='lat' dir='ltr'><strong>(aut</strong></span> <span class='ocrx_word' id='word_1_332' title='bbox 1451 2453 1498 2498; x_wconf 78' lang='lat' dir='ltr'><strong>G)</strong></span> <span class='ocrx_word' id='word_1_333' title='bbox 1528 2453 1635 2490; x_wconf 82' lang='lat' dir='ltr'><strong>nauis</strong></span> <span class='ocrx_word' id='word_1_334' title='bbox 1663 2454 1734 2490; x_wconf 83' lang='lat' dir='ltr'><strong>PG</strong></span> <span class='ocrx_word' id='word_1_335' title='bbox 1762 2455 1766 2501; x_wconf 92' lang='grc' dir='ltr'>Ι</span> 
     </span>
     <span class='ocr_line' id='line_1_40' title="bbox 245 2502 721 2547; baseline -0.002 -9"><span class='ocrx_word' id='word_1_336' title='bbox 245 2503 351 2538; x_wconf 88' lang='lat' dir='ltr'><strong>uelut</strong></span> <span class='ocrx_word' id='word_1_337' title='bbox 373 2503 520 2547; x_wconf 77' lang='lat' dir='ltr'><strong>scripsi:</strong></span> <span class='ocrx_word' id='word_1_338' title='bbox 547 2502 609 2537; x_wconf 90' lang='lat' dir='ltr'><strong>uel</strong></span> <span class='ocrx_word' id='word_1_339' title='bbox 633 2503 721 2538; x_wconf 83' lang='lat' dir='ltr'><strong>libri</strong></span> 
     </span>
    </p>

    <p class='ocr_par' dir='ltr' id='par_1_14' title="bbox 247 2547 1772 2877">
     <span class='ocr_line' id='line_1_41' title="bbox 343 2547 1769 2596; baseline 0.001 -12"><span class='ocrx_word' id='word_1_340' title='bbox 343 2554 360 2584; x_wconf 90' lang='lat'>1</span> <span class='ocrx_word' id='word_1_341' title='bbox 396 2549 534 2596; x_wconf 84' lang='lat' dir='ltr'><strong>noctis]</strong></span> <span class='ocrx_word' id='word_1_342' title='bbox 565 2550 659 2584; x_wconf 82' lang='lat' dir='ltr'><strong>Isid.</strong></span> <span class='ocrx_word' id='word_1_343' title='bbox 691 2549 741 2584; x_wconf 91' lang='lat' dir='ltr'><strong>N.</strong></span> <span class='ocrx_word' id='word_1_344' title='bbox 767 2548 814 2584; x_wconf 82' lang='lat' dir='ltr'><strong>R.</strong></span> <span class='ocrx_word' id='word_1_345' title='bbox 843 2553 911 2593; x_wconf 80' lang='lat'><strong>2,2.</strong></span> <span class='ocrx_word' id='word_1_346' title='bbox 947 2548 1070 2594; x_wconf 76' lang='lat' dir='ltr'><strong>Etym.</strong></span> <span class='ocrx_word' id='word_1_347' title='bbox 1102 2551 1229 2593; x_wconf 82' lang='lat'><strong>5‚31‚4.</strong></span> <span class='ocrx_word' id='word_1_348' title='bbox 1286 2547 1392 2583; x_wconf 82' lang='lat' dir='ltr'><strong>Varr.</strong></span> <span class='ocrx_word' id='word_1_349' title='bbox 1421 2547 1466 2583; x_wconf 91' lang='lat' dir='ltr'><strong>L.</strong></span> <span class='ocrx_word' id='word_1_350' title='bbox 1501 2547 1544 2583; x_wconf 89' lang='lat' dir='ltr'><strong>L.</strong></span> <span class='ocrx_word' id='word_1_351' title='bbox 1584 2551 1651 2593; x_wconf 76' lang='lat'><strong>6‚5.</strong></span> <span class='ocrx_word' id='word_1_352' title='bbox 1678 2552 1769 2593; x_wconf 77' lang='lat'><strong>7,59.</strong></span> 
     </span>
     <span class='ocr_line' id='line_1_42' title="bbox 248 2595 1769 2642; baseline 0 -10"><span class='ocrx_word' id='word_1_353' title='bbox 248 2597 433 2634; x_wconf 70' lang='lat' dir='ltr'><strong>Oensorin.</strong></span> <span class='ocrx_word' id='word_1_354' title='bbox 459 2601 515 2632; x_wconf 78' lang='lat'><strong>24.</strong></span> <span class='ocrx_word' id='word_1_355' title='bbox 542 2597 645 2632; x_wconf 79' lang='lat' dir='ltr'><strong>Seru.</strong></span> <span class='ocrx_word' id='word_1_356' title='bbox 678 2600 793 2640; x_wconf 60' lang='grc'><strong>2368.</strong></span> <span class='ocrx_word' id='word_1_357' title='bbox 826 2599 941 2640; x_wconf 82' lang='grc'><strong>3,587.</strong></span> <span class='ocrx_word' id='word_1_358' title='bbox 978 2596 1144 2631; x_wconf 78' lang='lat' dir='ltr'><strong>Maerob.</strong></span> <span class='ocrx_word' id='word_1_359' title='bbox 1180 2595 1257 2631; x_wconf 83' lang='lat' dir='ltr'><strong>Sat.</strong></span> <span class='ocrx_word' id='word_1_360' title='bbox 1296 2599 1420 2640; x_wconf 83' lang='lat'><strong>1,3‚12.</strong></span> <span class='ocrx_word' id='word_1_361' title='bbox 1589 2599 1632 2631; x_wconf 86' lang='lat'><strong>13</strong></span> <span class='ocrx_word' id='word_1_362' title='bbox 1658 2596 1769 2642; x_wconf 84' lang='lat' dir='ltr'><strong>nepa]</strong></span> 
     </span>
     <span class='ocr_line' id='line_1_43' title="bbox 250 2642 1772 2689; baseline 0 -10"><span class='ocrx_word' id='word_1_363' title='bbox 250 2645 377 2680; x_wconf 79' lang='lat' dir='ltr'><strong>Plaut.</strong></span> <span class='ocrx_word' id='word_1_364' title='bbox 407 2643 485 2679; x_wconf 82' lang='lat' dir='ltr'><strong>Cas.</strong></span> <span class='ocrx_word' id='word_1_365' title='bbox 512 2647 616 2689; x_wconf 82' lang='lat'><strong>2,8‚7.</strong></span> <span class='ocrx_word' id='word_1_366' title='bbox 643 2644 738 2679; x_wconf 83' lang='lat' dir='ltr'><strong>Isid.</strong></span> <span class='ocrx_word' id='word_1_367' title='bbox 766 2647 905 2688; x_wconf 82' lang='lat'><strong>10‚134.</strong></span> <span class='ocrx_word' id='word_1_368' title='bbox 1004 2647 1046 2678; x_wconf 89' lang='lat'><strong>18</strong></span> <span class='ocrx_word' id='word_1_369' title='bbox 1072 2642 1260 2689; x_wconf 83' lang='lat' dir='ltr'><strong>numeros]</strong></span> <span class='ocrx_word' id='word_1_370' title='bbox 1286 2643 1329 2677; x_wconf 84' lang='lat' dir='ltr'><strong>de</strong></span> <span class='ocrx_word' id='word_1_371' title='bbox 1353 2654 1389 2678; x_wconf 81' lang='lat' dir='ltr'><strong>u.</strong></span> <span class='ocrx_word' id='word_1_372' title='bbox 1420 2642 1662 2678; x_wconf 83' lang='lat' dir='ltr'><strong>nouenarium</strong></span> <span class='ocrx_word' id='word_1_373' title='bbox 1685 2643 1772 2679; x_wconf 82' lang='lat' dir='ltr'><strong>haec</strong></span> 
     </span>
     <span class='ocr_line' id='line_1_44' title="bbox 247 2689 1771 2736; baseline 0 -10"><span class='ocrx_word' id='word_1_374' title='bbox 247 2693 363 2727; x_wconf 81' lang='lat' dir='ltr'><strong>tradit</strong></span> <span class='ocrx_word' id='word_1_375' title='bbox 382 2692 560 2727; x_wconf 67' lang='lat' dir='ltr'><strong>Heri-schel</strong></span> <span class='ocrx_word' id='word_1_376' title='bbox 579 2702 638 2736; x_wconf 91' lang='lat' dir='ltr'><strong>ap.</strong></span> <span class='ocrx_word' id='word_1_377' title='bbox 655 2690 852 2736; x_wconf 74' lang='lat' dir='ltr'><strong>Canyium:</strong></span> <span class='ocrx_word' id='word_1_378' title='bbox 873 2689 1113 2726; x_wconf 82' lang='lat' dir='ltr'><strong>uenenarium</strong></span> <span class='ocrx_word' id='word_1_379' title='bbox 1131 2689 1229 2725; x_wconf 88' lang='lat' dir='ltr'><strong>inter</strong></span> <span class='ocrx_word' id='word_1_380' title='bbox 1247 2691 1286 2725; x_wconf 89' lang='lat' dir='ltr'><strong>et</strong></span> <span class='ocrx_word' id='word_1_381' title='bbox 1302 2689 1555 2725; x_wconf 79' lang='lat' dir='ltr'><strong>nouemdialia</strong></span> <span class='ocrx_word' id='word_1_382' title='bbox 1562 2689 1771 2727; x_wconf 80' lang='lat' dir='ltr'><strong>‘discrimen</strong></span> 
     </span>
     <span class='ocr_line' id='line_1_45' title="bbox 248 2736 1770 2785; baseline -0.001 -11"><span class='ocrx_word' id='word_1_383' title='bbox 248 2740 406 2785; x_wconf 85' lang='lat' dir='ltr'><strong>apparet</strong></span> <span class='ocrx_word' id='word_1_384' title='bbox 429 2739 468 2774; x_wconf 91' lang='lat' dir='ltr'><strong>in</strong></span> <span class='ocrx_word' id='word_1_385' title='bbox 493 2749 537 2774; x_wconf 90' lang='lat' dir='ltr'><strong>eo</strong></span> <span class='ocrx_word' id='word_1_386' title='bbox 562 2738 657 2774; x_wconf 86' lang='lat' dir='ltr'><strong>forte</strong></span> <span class='ocrx_word' id='word_1_387' title='bbox 684 2737 807 2782; x_wconf 82' lang='lat' dir='ltr'><strong>situm,</strong></span> <span class='ocrx_word' id='word_1_388' title='bbox 833 2738 932 2783; x_wconf 87' lang='lat' dir='ltr'><strong>quod</strong></span> <span class='ocrx_word' id='word_1_389' title='bbox 958 2737 1201 2773; x_wconf 87' lang='lat' dir='ltr'><strong>nouenarium</strong></span> <span class='ocrx_word' id='word_1_390' title='bbox 1225 2736 1364 2772; x_wconf 76' lang='lat' dir='ltr'><strong>fuerint</strong></span> <span class='ocrx_word' id='word_1_391' title='bbox 1388 2737 1522 2772; x_wconf 82' lang='lat' dir='ltr'><strong>missae</strong></span> <span class='ocrx_word' id='word_1_392' title='bbox 1547 2747 1614 2782; x_wconf 86' lang='lat' dir='ltr'><strong>per</strong></span> <span class='ocrx_word' id='word_1_393' title='bbox 1638 2748 1770 2773; x_wconf 88' lang='lat' dir='ltr'><strong>nouem</strong></span> 
     </span>
     <span class='ocr_line' id='line_1_46' title="bbox 249 2783 1770 2830; baseline -0.001 -9"><span class='ocrx_word' id='word_1_394' title='bbox 249 2786 443 2822; x_wconf 87' lang='lat' dir='ltr'><strong>continuos</strong></span> <span class='ocrx_word' id='word_1_395' title='bbox 475 2785 553 2821; x_wconf 81' lang='lat' dir='ltr'><strong>dies</strong></span> <span class='ocrx_word' id='word_1_396' title='bbox 586 2785 795 2821; x_wconf 75' lang='lat' dir='ltr'><strong>celebratae</strong></span> <span class='ocrx_word' id='word_1_397' title='bbox 836 2789 895 2821; x_wconf 83' lang='lat' dir='ltr'><strong>etc.</strong></span> <span class='ocrx_word' id='word_1_398' title='bbox 936 2786 1028 2820; x_wconf 85' lang='lat' dir='ltr'><strong>idem</strong></span> <span class='ocrx_word' id='word_1_399' title='bbox 1065 2785 1108 2820; x_wconf 83' lang='lat' dir='ltr'><strong>de</strong></span> <span class='ocrx_word' id='word_1_400' title='bbox 1143 2783 1314 2829; x_wconf 82' lang='lat' dir='ltr'><strong>astagiis:</strong></span> <span class='ocrx_word' id='word_1_401' title='bbox 1359 2783 1552 2830; x_wconf 83' lang='lat' dir='ltr'><strong>Astagium</strong></span> <span class='ocrx_word' id='word_1_402' title='bbox 1590 2784 1685 2820; x_wconf 85' lang='lat' dir='ltr'><strong>forte</strong></span> <span class='ocrx_word' id='word_1_403' title='bbox 1722 2784 1770 2819; x_wconf 88' lang='lat' dir='ltr'><strong>ab</strong></span> 
     </span>
     <span class='ocr_line' id='line_1_47' title="bbox 249 2831 1768 2877; baseline -0.001 -9"><span class='ocrx_word' id='word_1_404' title='bbox 249 2834 370 2868; x_wconf 80' lang='lat' dir='ltr'><strong>astare</strong></span> <span class='ocrx_word' id='word_1_405' title='bbox 403 2832 539 2868; x_wconf 81' lang='lat' dir='ltr'><strong>diuinis</strong></span> <span class='ocrx_word' id='word_1_406' title='bbox 571 2832 703 2868; x_wconf 83' lang='lat' dir='ltr'><strong>officiis</strong></span> <span class='ocrx_word' id='word_1_407' title='bbox 735 2833 893 2877; x_wconf 86' lang='lat' dir='ltr'><strong>dictum,</strong></span> <span class='ocrx_word' id='word_1_408' title='bbox 925 2832 1023 2868; x_wconf 88' lang='lat' dir='ltr'><strong>idem</strong></span> <span class='ocrx_word' id='word_1_409' title='bbox 1058 2833 1115 2867; x_wconf 86' lang='lat' dir='ltr'><strong>est</strong></span> <span class='ocrx_word' id='word_1_410' title='bbox 1145 2831 1243 2877; x_wconf 88' lang='lat' dir='ltr'><strong>quod</strong></span> <span class='ocrx_word' id='word_1_411' title='bbox 1284 2831 1510 2876; x_wconf 83' lang='lat' dir='ltr'><strong>praesentia,</strong></span> <span class='ocrx_word' id='word_1_412' title='bbox 1550 2831 1768 2875; x_wconf 73' lang='lat' dir='ltr'><strong>Assistance,</strong></span> 
     </span>
    </p>
   </div>
   <div class='ocr_carea' id='block_1_4' title="bbox 249 2878 1838 2964">
    <p class='ocr_par' dir='ltr' id='par_1_15' title="bbox 249 2878 1838 2964">
     <span class='ocr_line' id='line_1_48' title="bbox 249 2878 1838 2962; baseline -0.001 -46"><span class='ocrx_word' id='word_1_413' title='bbox 249 2881 328 2962; x_wconf 90' lang='lat' dir='ltr'><strong>cuil</strong></span> <span class='ocrx_word' id='word_1_414' title='bbox 347 2882 450 2934; x_wconf 66' lang='lat' dir='ltr'><strong>certa</strong></span> <span class='ocrx_word' id='word_1_415' title='bbox 487 2892 627 2916; x_wconf 86' lang='lat' dir='ltr'><strong>merces</strong></span> <span class='ocrx_word' id='word_1_416' title='bbox 659 2880 773 2926; x_wconf 84' lang='lat' dir='ltr'><strong>uulgo</strong></span> <span class='ocrx_word' id='word_1_417' title='bbox 803 2879 1014 2925; x_wconf 83' lang='lat' dir='ltr'><strong>assignatur</strong></span> <span class='ocrx_word' id='word_1_418' title='bbox 1049 2879 1088 2914; x_wconf 87' lang='lat' dir='ltr'><strong>in</strong></span> <span class='ocrx_word' id='word_1_419' title='bbox 1126 2878 1400 2914; x_wconf 81' lang='lat' dir='ltr'><strong>cathedralibus</strong></span> <span class='ocrx_word' id='word_1_420' title='bbox 1438 2880 1478 2914; x_wconf 88' lang='lat' dir='ltr'><strong>et</strong></span> <span class='ocrx_word' id='word_1_421' title='bbox 1514 2878 1770 2938; x_wconf 58' lang='lat' dir='ltr'><strong>collegialibus</strong></span> <span class='ocrx_word' id='word_1_422' title='bbox 1833 2921 1838 2925; x_wconf 17' lang='grc' dir='ltr'><strong>ῃ</strong></span> 
     </span>
     <span class='ocr_line' id='line_1_49' title="bbox 250 2938 424 2964; baseline 0.006 -1"><span class='ocrx_word' id='word_1_423' title='bbox 250 2938 312 2964; x_wconf 88' lang='grc'><strong>666</strong></span> <span class='ocrx_word' id='word_1_424' title='bbox 329 2939 424 2964; x_wconf 78' lang='lat' dir='ltr'><strong>esus.</strong></span> 
     </span>
    </p>
   </div>
  </div>
 </body>
</html>
