1898 3294
740 208 790 214 „u
853 183 904 226 41
978 208 1027 212 .-

113 294 151 339 E
190 294 370 338 labore
403 292 559 336 animi
594 292 753 346 figurat
785 293 829 333 et
860 289 954 346 ‘pro
987 289 1119 332 animi
1155 286 1331 332 labore’.

115 354 353 407 Excetra,
386 352 611 408 multiplex
644 363 833 406 serpens.

115 413 192 458 En
225 412 502 467 redibeam,
535 426 645 454 aune
677 410 916 463 redibeam,
949 408 1051 464 quia
1083 423 1134 450 en
1169 406 1311 450 ‘anne'
1345 406 1575 462 significat.

115 471 498 530 Epicroculum,
530 470 713 528 pallium
745 471 873 512 tenue
906 467 1219 523 meretricium,
1250 467 1413 509 dictum
1445 482 1472 509 a
1501 479 1654 509 croceo

77 542 95 568 ⁵
177 532 332 577 colore.

113 592 268 650 ErgO,
300 605 429 635 causa
459 590 529 633 uel
561 604 704 646 opera.

112 650 473 708 Experientia,
505 649 901 706 experimentorum
932 647 1103 691 notitia.

113 710 325 766 Exnuit,
356 710 510 753 innuit.

45 776 50 781 ”
113 770 448 826 Enumquam,
480 768 714 825 ecquando.

60 840 96 867 1⁰
113 830 390 888 Egregius,
422 829 584 872 electus
617 844 640 872 e
673 841 818 885 grege.

112 890 415 946 Expergito‚
447 889 568 931 uelut
602 903 753 931 somno
787 887 948 931 ablato.

72 997 74 1001 ,
112 947 551 1005 Exdorsuandum,
581 948 908 1005 †iudicandum.
1568 990 1575 998 ‚

112 1009 391 1066 Experitus
428 1023 516 1052 non
553 1007 765 1064 ‘peritus',
803 1008 876 1051 sed
914 1010 1038 1051 extra
1074 1007 1278 1064 peritiam
1315 1006 1504 1064 positus,
1542 1005 1654 1048 sicut

175 1083 376 1125 expers,
408 1071 530 1111 extra
562 1070 743 1124 partem.

62 1139 96 1166 15
114 1128 403 1173 Exsciterit
422 1162 431 1171 .
452 1162 490 1172 ..

113 1188 528 1243 Exfabillauero,
560 1202 777 1230 exeruero.

213 1323 228 1354 1
257 1318 286 1354 Ε
306 1318 435 1354 labore
460 1318 513 1354 R:
539 1317 699 1354 Elabore
726 1317 813 1363 GH,
839 1317 1000 1354 Elaboro
1027 1317 1061 1353 G
1083 1318 1088 1360 Ι
1110 1316 1226 1353 animi
1251 1315 1344 1351 HR:
1373 1328 1458 1352 cum
1479 1316 1524 1361 C,
1549 1314 1652 1351 anim

115 1367 149 1403 G
169 1370 175 1410 Ι
197 1366 355 1413 figurate
376 1366 423 1411 R,
437 1366 574 1412 figurat
586 1367 624 1401 et
638 1379 666 1401 ω
688 1367 697 1411 1
716 1364 832 1401 animi
842 1365 969 1401 labore
981 1365 1031 1401 P:
1046 1364 1171 1401 animo
1181 1364 1354 1400 laboroG
1455 1367 1477 1399 2
1503 1374 1653 1409 serpens

115 1414 168 1450 G:
194 1425 261 1450 om.
291 1414 329 1448 P
439 1418 460 1449 3
487 1412 727 1449 Enridibeam
754 1412 799 1457 G,
824 1412 862 1448 in
882 1412 1072 1449 redineam
1093 1412 1182 1456 HR,
1201 1411 1240 1448 in
1259 1411 1452 1448 redineam
1478 1411 1510 1447 0
1528 1412 1533 1453 1
1556 1422 1654 1447 anne

114 1473 180 1498 om.
201 1462 290 1498 libri
310 1464 315 1504 Ι
338 1460 527 1498 redibeam
546 1472 576 1506 p
591 1461 637 1505 cf.
663 1461 827 1497 Kettner.
849 1461 973 1496 Herm.
995 1464 1130 1504 6,171.:
1156 1459 1340 1495 ridibeam
1366 1458 1653 1503 bv,redidebam

116 1510 156 1553 C,
175 1509 403 1546 redilebeam
423 1508 501 1544 HR
523 1510 528 1553 Ι
550 1508 639 1554 quia
664 1509 717 1544 G:
744 1519 841 1554 quae
870 1508 930 1553 ΡΙ
954 1519 1001 1544 en
1020 1519 1116 1544 anne
1142 1508 1192 1544 G:
1218 1507 1329 1544 inane
1357 1507 1402 1553 Ο,
1428 1518 1549 1543 nanne
1575 1506 1654 1542 HR

115 1561 138 1593 4
163 1556 425 1604 Epicroculum
450 1557 509 1593 uel
533 1556 808 1602 Epycroculum
834 1556 887 1592 G:
913 1555 1147 1592 Ecrocollum
1174 1555 1256 1597 CH,
1282 1555 1543 1591 Excrocollum
1568 1554 1606 1589 R

116 1609 137 1641 6
158 1615 272 1651 opera
285 1605 365 1641 GGz
385 1606 518 1651 aperta
536 1604 615 1640 HR
688 1609 709 1640 8
723 1603 847 1640 induit
869 1604 905 1639 P
976 1608 996 1640 9
1012 1603 1204 1650 ecquando
1226 1602 1339 1640 Class.
1354 1604 1401 1640 A.
1416 1602 1506 1639 t.V1.
1516 1613 1555 1648 p.
1573 1606 1653 1638 522.

116 1654 156 1689 et
179 1652 328 1699 quando
357 1652 410 1697 P,
436 1652 609 1699 equando
633 1656 665 1688 et
691 1652 885 1698 exquando
912 1652 947 1688 G
1063 1655 1107 1687 10
1133 1651 1275 1688 electus
1302 1651 1350 1687 C:
1377 1652 1522 1688 erectus
1547 1650 1620 1686 RG
1647 1649 1653 1696 Ι

116 1711 136 1736 e
161 1711 275 1756 grege
300 1701 434 1745 scripsi
457 1710 502 1736 ex
527 1699 653 1736 Festo:
680 1711 700 1736 e
724 1700 853 1746 gregie
880 1700 919 1745 C,
945 1699 1062 1746 euigil
1086 1699 1201 1754 HRG
1342 1703 1385 1734 12
1411 1698 1654 1753 iudicandum

117 1748 168 1784 G:
194 1747 418 1803 indicandea
445 1747 496 1791 P,
522 1758 589 1783 om.
617 1747 649 1783 Ο
751 1752 793 1784 13
820 1748 883 1784 sed
911 1747 954 1783 C:
981 1749 1020 1783 et
1045 1747 1132 1792 HG,
1157 1747 1196 1782 1d
1223 1748 1280 1783 est
1310 1746 1346 1782 R
1368 1749 1373 1791 Ι
1397 1747 1564 1792 epositus
1591 1745 1623 1782 0

119 1799 163 1832 15
189 1794 390 1832 Exscitent
414 1795 508 1830 HR:
535 1806 602 1831 om.
628 1794 679 1840 G,
704 1795 789 1839 fort.
834 1794 1030 1831 Exstiterit
1177 1798 1219 1830 16
1246 1794 1526 1830 Exfabillauero
1552 1794 1595 1829 bv
1621 1796 1653 1829 et

119 1843 309 1880 Duebneri
340 1843 441 1879 codd.
478 1843 601 1878 Paris.
638 1853 728 1880 saec.
755 1843 842 1878 VIII
873 1854 909 1879 u.
936 1843 1006 1879 Rh.
1037 1843 1139 1879 Mus.
1167 1845 1270 1878 1835.
1310 1842 1361 1877 111
1387 1853 1428 1887 p.
1465 1836 1552 1877 477:
1583 1840 1655 1876 Ex-

118 1891 340 1927 fauillauero
366 1903 390 1927 a
409 1894 442 1927 et
460 1894 537 1926 cett.
559 1891 661 1926 codd.
685 1890 826 1926 Paria:
852 1890 1000 1937 Expaui
1025 1902 1114 1927 uero
1139 1890 1234 1926 HR:
1261 1901 1349 1926 uero
1371 1889 1402 1925 C
1421 1891 1426 1933 ῐ
1449 1899 1605 1925 exenero
1627 1888 1659 1924 C

214 1954 235 1986 2
261 1951 425 1997 excetra]
456 1950 584 1986 Plaut.
614 1949 715 1987 Pers,
744 1954 846 1995 1,1‚3.
872 1953 934 1986 etc.
962 1950 1066 1987 Seru.
1092 1950 1185 1986 Aen.
1212 1952 1328 1995 6387.
1372 1949 1538 1995 Hydram
1565 1947 1657 1984 eicit

118 1999 343 2044 (serpentem
362 1997 537 2034 immanis
555 1997 841 2044 magnitudinis)
862 2009 957 2043 quae
977 1997 1050 2034 fuit
1069 1997 1107 2033 in
1126 1997 1249 2034 Lerna
1262 1996 1487 2044 Argiuorum
1505 1996 1655 2043 palude.

119 2045 184 2082 sed
210 2045 327 2082 latine
353 2047 502 2082 excetra.
527 2045 676 2090 dicitur,
701 2045 802 2091 quod
827 2057 900 2082 uno
926 2056 1034 2082 caeso
1059 2045 1135 2082 tria
1159 2044 1286 2092 capita.
1310 2044 1584 2081 excrescebant.
1611 2046 1658 2088 cf.

121 2094 217 2130 Isia.
245 2097 397 2139 12,4,23.
560 2097 582 2128 4
608 2092 876 2139 epicroculum]
904 2093 1004 2129 Feet.
1034 2092 1144 2129 Paul.
1171 2097 1288 2137 8213.
1314 2104 1342 2129 ε.
1368 2104 1406 2128 u.
1433 2092 1656 2138 epicrocum.

118 2142 165 2185 cf.
199 2140 307 2177 Varr.
334 2141 449 2178 L.-L.
479 2144 569 2184 7,53.
710 2145 732 2177 6
758 2141 864 2188 ergo]
891 2140 991 2177 Fest.
1020 2141 1132 2185 Paul,
1158 2144 1274 2186 8232.
1319 2139 1420 2187 Ergo
1445 2140 1657 2186 correptum

118 2188 307 2235 significat
329 2188 440 2233 idem,
466 2188 566 2234 quod
591 2188 693 2235 apud
719 2187 879 2225 Graecos
899 2184 1052 2233 οὐκοῦν,
1077 2187 1257 2235 producte
1275 2188 1388 2233 idem,
1415 2187 1516 2234 quod
1535 2184 1658 2233 χάριν,

118 2237 191 2273 hoc
215 2238 274 2272 est
297 2236 437 2282 gratia,
463 2247 578 2282 quum
603 2235 748 2273 scilicet
772 2235 896 2283 gratia
926 2235 1161 2283 intellegitur
1186 2247 1254 2282 pro
1282 2235 1439 2272 ‘causa’.
1491 2236 1536 2280 cf.
1557 2235 1656 2272 Non.

123 2288 260 2330 107,10.
295 2283 400 2320 Seru.
424 2285 516 2320 Aen.
543 2287 660 2328 6,6’10.
698 2283 798 2330 Serq.
825 2285 868 2320 de
891 2284 975 2320 dist.
1002 2288 1120 2327 4845).
1145 2283 1195 2320 K.
1360 2288 1387 2319 9
1414 2283 1657 2330 enumquam]

123 2331 251 2368 Plaut.
283 2331 384 2368 Rud.
414 2334 543 2377 4‚3‚48.
575 2335 638 2367 etc.
665 2331 765 2368 Fest.
799 2331 911 2367 Paul.
945 2336 1040 2375 765.
1088 2331 1332 2377 Enunquam,
1364 2331 1569 2376 ecquando.
1595 2331 1657 2368 lib.

121 2380 227 2425 yloss.
253 2379 501 2426 Enumquam,
527 2390 615 2425 ergo
640 2379 854 2426 aliquando.
991 2383 1033 2415 10
1058 2378 1247 2426 egregius]
1274 2379 1373 2416 Fest.
1403 2378 1513 2415 Paul.
1541 2382 1659 2422 80,17.

121 2431 153 2463 et
184 2430 277 2471 233.
334 2427 539 2482 Segregare
581 2438 625 2463 ex
662 2426 832 2473 pluribus
869 2427 1047 2473 gregibus
1083 2428 1210 2473 partes
1247 2427 1439 2471 seducere,
1483 2426 1582 2462 unde
1620 2427 1660 2462 et

121 2474 293 2521 egregius
327 2474 465 2511 dicitur
497 2486 516 2511 e
547 2485 661 2521 grege
691 2474 820 2511 lectus.
986 2478 1026 2510 11
1055 2474 1264 2522 expergite]
1292 2474 1391 2511 Fest.
1422 2474 1533 2510 Paul.
1561 2478 1657 2518 80,8.

121 2522 367 2568 Experrectus
387 2523 456 2566 est,
482 2522 546 2568 qui
565 2534 632 2568 per
650 2533 689 2558 se
708 2522 867 2569 uigilare
886 2521 1023 2568 coepit,
1048 2522 1275 2569 expergitus,
1299 2522 1349 2558 ab
1367 2521 1443 2558 alio
1463 2521 1659 2566 excitatus,

149 2579 233 2605 uem
260 2570 422 2606 solemus
453 2570 576 2606 dicere
602 2570 916 2617 expergefactum.
966 2570 1132 2606 Diomed.
1159 2569 1175 2605 I
1201 2573 1341 2614 376,12.
1367 2570 1416 2606 K.
1445 2568 1660 2616 expergitus

151 2616 276 2662 ‘citur,
301 2617 365 2663 qui
390 2617 546 2654 satiatus
572 2628 701 2653 somno
735 2619 868 2664 sponte
893 2617 954 2654 eui
984 2617 1061 2655 ‘lat
1100 2618 1146 2662 cf.
1171 2617 1272 2653 Non.
1300 2621 1440 2662 104,13.
1480 2617 1598 2653 Prisc.
1625 2616 1659 2652 X

123 2667 264 2710 512,24.
279 2664 328 2700 K.
357 2664 430 2700 ΟΡ
440 2676 480 2710 p.
502 2669 582 2701 194.
682 2669 725 2701 12
751 2666 958 2701 exdorsuan
985 2666 1066 2713 um]
1091 2666 1197 2711 91088.
1226 2666 1320 2701 Isid.
1341 2664 1659 2710 Exdorsuandam,

123 2711 373 2748 iudicandam.
423 2713 530 2748 aliter
560 2712 661 2749 Fest.
696 2713 807 2749 Paul.
841 2717 957 2758 79‚12.
1014 2713 1223 2757 Exdorsua,
1267 2713 1419 2750 dorsum
1457 2711 1659 2758 confringe.

124 2760 191 2796 alii
218 2759 385 2796 ‘exime’.
422 2759 521 2796 Non.
549 2764 664 2803 1738.
709 2760 959 2804 Exdorsuare,
983 2761 1094 2797 dorso
1120 2760 1272 2804 nudare.
1384 2765 1426 2796 13
1453 2759 1659 2806 experitus]

125 2807 224 2844 Fest.
266 2807 376 2843 Paul.
411 2810 527 2851 79³5.
585 2807 664 2844 ΟΡ.
686 2820 726 2854 p.
755 2812 833 2844 190.
883 2808 1086 2854 experitus,
1123 2819 1162 2853 a,
1193 2820 1278 2854 um,
1311 2807 1350 2844 id
1385 2809 1442 2844 est
1464 2807 1660 2853 imperitus

124 2854 231 2901 quasi
256 2856 363 2892 extra
386 2853 574 2900 periciam.
618 2856 726 2892 aliter
750 2857 812 2892 lib.
836 2856 942 2902 yloss.
967 2856 1022 2902 (p)
1047 2855 1101 2891 Ex
1129 2854 1262 2899 oritus,
1287 2855 1444 2901 probate
1469 2855 1612 2891 doctus.

127 2906 171 2938 16
196 2902 483 2949 exfabillauero]
518 2904 564 2947 cf.
594 2903 724 2939 Muell.
756 2904 806 2939 ad
837 2903 937 2939 Fest.
967 2914 996 2940 s.
1027 2914 1063 2939 u.
1126 2902 1336 2950 xpapillato
1362 2902 1516 2939 brachio
1544 2906 1659 2948 79,10.

126 2953 160 2986 et
182 2961 211 2987 s.
237 2962 274 2987 u.
312 2949 542 2987 Effafilatum
567 2954 662 2996 83,6.
