1898 3294
205 956 238 980 10

203 1549 238 1573 20

204 1845 238 1870 25

877 188 1167 230 -64-

253 292 480 350 Lancino
514 297 580 335 est
611 293 730 336 lanio
761 292 1019 349 frequenter.

254 352 562 407 Lancinare,
594 367 669 407 per
700 352 844 395 lances
876 353 1079 395 diuidere.

254 411 428 467 Luum,
459 413 659 466 pestium.
708 411 790 454 hae
822 412 913 454 lues
946 411 1099 455 harum
1132 413 1251 454 luum
1283 413 1397 455 enim
1428 413 1638 456 dicuntur.

255 469 599 526 Lemniseata,
632 471 770 513 maior
800 472 948 526 palma
979 471 1279 527 gladiatorum.
1331 476 1397 515 est
1433 488 1588 516 nomen
1628 473 1781 529 produ-

314 531 477 573 ctiuum
509 531 679 586 generis
711 529 921 573 feminini.

741 673 911 716 Glossae
933 687 1011 728 per
1041 674 1101 716 M
1125 663 1315 716 litteram.

255 765 606 809 Multifariam
648 767 941 810 multifarie
986 768 1293 827 aduerbialiter
1335 771 1564 823 utrumque
1605 748 1784 811 dicimus
1845 762 1850 766 ’

317 825 439 867 bene.

257 884 523 939 Magnalia
554 885 599 927 in
630 886 749 928 nullo
771 888 944 928 auctore
969 887 1183 942 leguntur,
1216 887 1316 942 quia
1348 889 1415 928 est
1447 885 1627 930 uerbum
1656 887 1786 930 nimis

316 943 594 999 uilissimum,
625 945 710 987 nisi
742 945 855 988 forte
887 946 933 988 in
964 946 1181 1001 aliquibus
1214 946 1416 1002 antiquis.

255 1002 420 1045 Malus
453 1017 510 1059 gr
521 1006 679 1046 anata
711 1005 840 1047 arbor
859 1005 1032 1060 generis
1052 1005 1261 1060 feminini,
1292 1019 1468 1060 pomum
1487 1020 1589 1048 uero
1616 1005 1787 1061 generis

314 1063 457 1104 neutri
489 1066 566 1104 est.

254 1120 617 1164 Maturrimum
657 1123 789 1165 etiam
827 1126 871 1165 et
908 1123 1318 1166 maturissimum
1358 1124 1550 1167 dicimus.
1605 1123 1786 1180 denique

316 1179 548 1223 Sallustius
579 1181 625 1223 in
654 1181 850 1225 historiis
878 1182 1210 1226 maturrimum'
1243 1184 1381 1240 magis
1410 1198 1538 1239 quam
1571 1182 1786 1226 maturis-

317 1239 488 1282 simum'
521 1240 644 1283 dixit.

255 1298 523 1342 Mausolea
555 1299 783 1355 sepulchra
818 1315 891 1342 seu
929 1302 1195 1344 monimenta
1225 1315 1394 1357 regum,
1433 1301 1618 1344 maxime
1647 1301 1787 1356 Aegy-

316 1359 529 1414 ptiorum,
561 1374 587 1400 a
618 1359 818 1402 Mausolo
851 1360 1030 1403 illorum
1061 1374 1162 1416 rege
1194 1361 1310 1404 dicta
1341 1364 1453 1403 sunt.

256 1417 536 1467 Manubiae
576 1418 775 1461 dicuntur
812 1419 953 1474 spolia
990 1420 1199 1476 hostium,
1237 1435 1345 1476 quae
1384 1436 1409 1463 a
1446 1428 1546 1475 rege
1578 1422 1653 1462 aut
1683 1419 1787 1461 111166

316 1478 535 1520 cuiusdam
573 1478 773 1521 manibus
817 1478 1116 1536 deportantur,
1154 1483 1201 1522 ut
1240 1479 1448 1522 ‘exuuiae’
1482 1483 1526 1522 et
1557 1477 1788 1521 ‘induujae'

316 1536 527 1579 dicuntur.

256 1595 507 1639 Munifioa
545 1599 588 1638 et
625 1595 906 1639 munificus
944 1598 1118 1653 dicitur,
1157 1598 1230 1654 qui
1268 1597 1397 1640 alicui
1435 1598 1573 1640 multa
1611 1611 1788 1639 munera

316 1656 407 1711 dat,
439 1655 508 1698 uel
541 1656 633 1711 ille,
665 1656 739 1711 qui
770 1671 924 1699 munus
957 1672 1082 1699 suum
1114 1657 1157 1699 id
1189 1659 1256 1699 est
1287 1657 1477 1700 officium
1517 1656 1630 1712 quod
1661 1655 1789 1698 debet

315 1715 485 1770 implet,
524 1718 572 1757 ut
610 1718 716 1770 puta
754 1715 971 1758 ‘munifica
1003 1715 1152 1759 Sicilia
1189 1716 1369 1772 imperio
1413 1714 1618 1770 romano',
1650 1715 1693 1757 id
1723 1717 1790 1757 est

318 1789 425 1830 quae
459 1774 498 1816 ei
530 1774 782 1829 impositum
814 1790 967 1818 munus
999 1779 1191 1830 praestet
1220 1777 1267 1818 id
1294 1779 1351 1818 est
1381 1775 1646 1830 obsequium.

257 1833 423 1875 Macte
455 1833 636 1876 uerbum
673 1837 739 1876 est
776 1835 884 1876 bene
918 1835 1046 1877 alicui
1084 1835 1294 1890 optantis,
1337 1838 1382 1877 ut
1412 1834 1626 1889 Virgilius
1666 1833 1787 1875 dicit:

318 1893 472 1935 ‘macte
510 1907 624 1934 noua
661 1893 822 1935 uirtute
865 1893 998 1949 puer',
1036 1894 1117 1936 hoc
1149 1897 1214 1936 est
1245 1894 1429 1936 multum
1460 1896 1601 1948 aucte,
1632 1905 1788 1947 magne

316 1967 422 2007 puer
454 1955 498 1994 et
529 1951 741 1994 sublimis.

353 2145 373 2175 3
401 2140 523 2175 Liuim
549 2140 714 2186 pescium
745 2141 791 2184 P,
816 2141 936 2176 Luum
961 2152 1005 2176 ac
1024 2140 1186 2186 pestium
1211 2151 1233 2175 v
1255 2140 1262 2185 Ι
1283 2151 1326 2175 ae
1352 2140 1431 2176 lues
1457 2140 1588 2175 harum
1613 2151 1645 2184 r,
1671 2139 1788 2175 heles-

257 2187 403 2222 uarium
432 2188 468 2221 P
487 2191 492 2232 1
514 2188 618 2223 luum
643 2189 722 2223 lues
748 2189 847 2224 enim
872 2189 960 2223 libri
981 2189 985 2232 Ι
1008 2188 1133 2223 sordes
1159 2187 1333 2223 dicuntur
1356 2199 1377 2222 v
1499 2192 1519 2222 9
1546 2187 1682 2232 legitur
1707 2187 1740 2222 G

261 2240 303 2269 14
339 2235 630 2270 maturissimum
664 2247 777 2280 quam
810 2236 1010 2270 maturium
1043 2235 1077 2270 G
1247 2239 1288 2270 15
1321 2235 1416 2269 dixit
1440 2235 1529 2270 Rm:
1562 2234 1655 2270 dicit
1679 2234 1740 2269 Hv

260 2287 302 2318 17
342 2283 509 2318 Mausolo
547 2282 603 2318 R:
642 2283 832 2318 Mausoleo
868 2282 944 2317 HG
982 2283 1075 2318 Isid.
1115 2286 1262 2327 15,11,3.
1298 2284 1303 2326 1
1337 2282 1478 2317 dictum
1516 2283 1572 2317 est
1608 2283 1695 2317 libri

262 2334 303 2364 19
318 2329 510 2364 cuiusdam
524 2331 673 2374 scripsi:
695 2330 859 2365 eiusdem
879 2330 966 2364 libri
988 2332 992 2372 Ι
1015 2330 1191 2365 exubieG
1214 2331 1219 2373 Ι
1241 2329 1415 2364 indubiae
1426 2329 1497 2363 RG
1565 2333 1609 2364 24
1623 2328 1787 2374 praestet

262 2377 313 2412 P:
340 2379 483 2422 prestat
508 2377 541 2411 G
563 2379 568 2420 Ι
589 2377 628 2412 id
653 2379 710 2418 est
735 2378 866 2413 addidi
961 2380 1004 2412 25
1031 2377 1177 2422 optanti
1198 2376 1271 2412 GH
1288 2379 1293 2421 Ι
1316 2377 1411 2412 dixit
1436 2377 1469 2411 G
1565 2380 1610 2411 26
1637 2377 1707 2411 hoc
1732 2377 1789 2411 est

263 2424 316 2459 P:
343 2424 382 2459 id
409 2426 464 2459 est
489 2424 523 2459 G
545 2426 550 2470 Ι
573 2426 642 2460 hoc
668 2426 725 2460 est
748 2435 884 2470 magne
911 2424 944 2459 G
1056 2433 1060 2438 ·

353 2510 375 2541 4
407 2506 640 2552 lemniscata]
672 2506 775 2543 Seru.
809 2507 900 2542 Aen.
934 2511 1050 2551 53ss9.
1092 2506 1355 2542 Lemniscatas·
1377 2517 1542 2551 coronas,
1577 2517 1672 2551 quae
1703 2507 1788 2541 sunt

260 2554 305 2588 de
331 2554 523 2589 frondibus
543 2555 582 2589 et
606 2553 850 2590 discoloribus
876 2554 1009 2599 fasciis,
1035 2555 1074 2589 et
1098 2553 1193 2589 sicut
1211 2553 1329 2588 Varro
1355 2553 1457 2598 «licit,
1484 2555 1607 2598 magni
1635 2553 1787 2589 honoris

259 2603 355 2636 suut.
513 2606 533 2636 9
560 2601 766 2648 magnalia]
794 2602 854 2637 lib.
879 2602 983 2646 gloss.
1010 2601 1048 2636 M
1056 2600 1264 2646 agnalia,
1295 2600 1515 2644 salubriora,
1542 2601 1787 2646 prosperiora,

259 2648 469 2694 magnifica,
489 2648 772 2694 praestantiora.
838 2653 894 2684 ‚11
917 2649 1036 2684 malus
1055 2647 1229 2694 granata]
1253 2648 1346 2683 Isid.
1369 2651 1497 2694 17,7,6.
1586 2652 1628 2683 13
1654 2650 1793 2683 matur-

259 2696 410 2742 rimum]
439 2695 578 2732 Charis.
611 2697 645 2731 II
671 2700 810 2740 20:331.
837 2696 886 2732 K.
933 2695 1130 2731 Sallustius
1154 2694 1409 2730 historiarum:
1469 2695 1541 2730 ‘uti
1567 2695 1728 2741 Lepidus
1754 2695 1793 2730 et

260 2742 412 2779 Catulus
427 2743 584 2778 decretis
598 2743 820 2779 exercitibus
836 2743 1050 2778 maturrime
1064 2742 1415 2789 proficiscerentur!
1438 2743 1483 2786 ef.
1498 2743 1631 2778 eund.·1
1655 2745 1791 2787 114‚14.

263 2790 382 2826 Prisc.
407 2790 455 2825 111
482 2794 538 2835 95,
545 2795 597 2826 12,
624 2790 673 2826 K.
835 2794 877 2825 21
905 2790 1096 2836 munifica]
1131 2789 1177 2834 cs.
1207 2789 1333 2826 Plaut.
1359 2790 1490 2835 Amph.
1517 2793 1666 2834 2,2212.
1698 2789 1793 2824 Isia.
1850 2786 1853 2789 ”

261 2841 398 2882 10,167.
450 2837 644 2872 Munifieus
675 2838 796 2873 dictus
827 2838 887 2872 uel
918 2837 1007 2883 quia
1036 2837 1157 2873 alicui
1188 2847 1343 2872 munera
1368 2837 1488 2872 multa
1513 2837 1595 2881 dat,
1620 2836 1680 2872 uel
1706 2836 1794 2882 quia

259 2897 391 2920 munus
416 2897 539 2928 suum,
573 2885 611 2920 id
643 2886 699 2920 est
730 2885 910 2929 officium,
918 2851 1134 2930 qadimplet.
1174 2883 1316 2920 Charis.
1351 2883 1365 2918 I
1400 2888 1492 2929 81,4
1518 2884 1567 2920 K.
1600 2883 1793 2919 munificus

259 2943 413 2968 munera
437 2912 604 2977 largitur.
702 2936 746 2967 25
773 2914 910 2978 macteJ’
946 2932 1044 2977 Virq.
1071 2933 1166 2967 Aen.
1193 2935 1229 2975 9,
1233 2934 1311 2967 641.
