1898 3294
879 141 1053 205 -sgo
1116 185 1166 192 ,-

259 269 587 324 Salsuginem
618 270 723 323 puto
762 269 902 323 ipsam
933 283 1025 310 rem
1056 268 1158 323 dici,
1189 282 1295 323 quae
1326 268 1434 310 facit
1465 269 1638 311 salsum.

259 328 467 370 Sacrum
498 328 640 370 media
670 342 738 369 res
782 329 865 382 est,
905 330 948 369 et
985 327 1146 369 bonum
1178 330 1222 369 et
1252 327 1427 370 malum.
1473 342 1575 370 nam
1606 327 1786 370 (11616166

319 387 453 429 ‘sacer
473 386 554 429 est'
586 386 630 428 id
655 389 722 428 est
744 387 886 442 alicui,
918 401 1046 441 quem
1076 386 1277 428 uolumus
1309 387 1502 428 execrari
1533 389 1608 429 aut
1639 386 1787 429 occidi.

318 447 424 488 item
474 446 790 488 consecrari.
857 445 910 487 ad
961 445 1142 501 bonum,
1185 448 1251 487 ut:
1296 445 1435 488 ‘sacra
1477 446 1587 488 mari
1630 445 1788 488 colitur

223 520 240 545 5
319 506 459 547 medio
501 505 753 560 gratissima
788 503 947 547 tellus’.
1005 505 1058 546 ad
1098 505 1277 547 malum:
1329 504 1436 546 ‘auri
1476 519 1598 547 66616
1634 503 1787 546 fames'

318 567 362 606 et
393 564 555 607 ‘sacrae
586 564 831 621 panduntur
849 563 1030 619 portae'.
1067 564 1177 606 unde
1198 565 1241 605 et
1272 564 1414 619 ignis
1447 579 1601 606 sacer
1631 563 1788 606 dicitur

318 624 439 666 ulcus
471 623 694 666 horribile.
1152 624 1154 629 “

261 682 515 726 861661101
551 682 734 724 6611011111
771 685 838 724 661
869 697 1110 737 commune,
1151 682 1193 724 id
1227 686 1294 724 est
1324 682 1544 738 interrogo
1576 681 1646 725 uel
1679 682 1789 724 scire

323 743 460 797 cupio.
505 741 633 783 aliter
663 756 751 783 non
781 741 975 783 dicimus.
1127 787 1129 789 ,

207 817 241 841 10
262 801 588 856 Suppliciter
618 800 822 855 legimus,
861 815 948 842 non
980 799 1317 855 ‘supplicanter’,
1348 800 1448 855 quia
1478 800 1654 843 nomina
1684 813 1792 856 quae

321 861 367 902 in
398 861 413 902 i
444 860 600 902 finiunt
640 859 805 914 datiuo,
845 862 1023 914 accepta
1063 859 1233 914 syllaba
1272 862 1338 901 ter
1378 860 1582 902 aduerbia
1615 858 1791 914 faciunt,

321 923 368 962 ut
413 919 665 974 suppliciter
710 918 895 974 agiliter.
952 919 988 960 si
1031 933 1133 960 uero
1178 918 1294 960 dicas
1346 918 1460 961 ‘huic
1502 916 1792 974 supplicanti',

319 981 465 1034 potest
495 978 589 1020 fieri
622 976 947 1032 esupplicanter-⁹
973 992 1051 1032 pro
1078 977 1294 1020 aduerbio.
1345 991 1448 1033 ergo
1481 977 1597 1020 ‘huic
1627 977 1790 1032 praeci-

319 1037 417 1092 piti'
438 1036 727 1092 ‘praecipiter'
747 1037 912 1081 faceret
942 1037 1063 1078 iuxta
1087 1037 1282 1092 regulam
1301 1037 1566 1092 suppliciter,
1598 1036 1672 1078 sed
1691 1036 1791 1091 quia

211 1113 243 1138 15
323 1097 541 1152 euphonia
572 1096 820 1151 offenditur,
859 1095 1014 1138 melius
1048 1095 1414 1150 ‘praecipitanter’
1447 1096 1628 1139 dicimus
1657 1109 1789 1150 quam

321 1154 626 1212 ‘praecipiten'

263 1215 541 1271 Spondilus
575 1216 641 1257 est
672 1214 963 1256 internodium
994 1214 1040 1256 in
1072 1214 1198 1268 spina
1229 1214 1346 1256 dorsi
1377 1215 1447 1256 uel
1477 1213 1563 1256 imo
1596 1213 1788 1255 eiusdem

322 1275 488 1331 spinae,
525 1274 637 1330 quod
673 1288 762 1316 non
799 1275 865 1316 est
897 1288 946 1315 ex
978 1273 1180 1328 desertis,
1214 1274 1287 1315 sed
1319 1287 1370 1315 ex
1401 1273 1669 1328 uulgaribus.
1720 1275 1793 1327 qui

320 1336 468 1376 tamen
510 1334 648 1389 locus,
694 1333 796 1384 dum
840 1332 1108 1388 debilitatur,
1157 1332 1372 1374 interdum
1416 1332 1506 1374 exit
1549 1334 1592 1374 et
1634 1331 1794 1374 eminet

211 1409 245 1434 20
323 1396 505 1436 tumens.

265 1453 615 1508 Sapphirinus
649 1452 899 1506 scribimus,
931 1451 1033 1507 quia
1063 1451 1174 1506 lapis
1207 1450 1436 1506 sapphirus
1468 1450 1635 1492 dicitur.

264 1512 528 1568 Sugillare
593 1514 660 1554 est
730 1511 877 1567 gulam
945 1510 1257 1566 constringere,
1324 1510 1537 1565 quomodo
1608 1509 1792 1552 dicimus

324 1564 610 1626 strangulare.
661 1570 821 1626 sugillo
855 1570 1063 1625 actiuum,
1096 1570 1279 1625 sugillor
1308 1569 1545 1624 passiuum.
1706 1595 1735 1614 ι

265 1630 486 1674 86116166
519 1645 627 1672 unus
660 1631 703 1671 et
734 1644 860 1671 uerus
886 1643 1090 1671 romanus
1124 1631 1207 1684 est,
1240 1644 1266 1670 a
1297 1631 1515 1670 senectute
1548 1627 1792 1682 appellatus

210 1704 244 1731 25
324 1706 350 1732 a
379 1690 584 1744 Romulo,
622 1689 696 1744 qui
732 1689 802 1730 uel
833 1688 1031 1730 fundauit
1061 1688 1132 1730 uel
1164 1688 1285 1730 auxit
1314 1687 1511 1730 Romam.
1559 1686 1631 1729 hic
1662 1686 1795 1742 elegit

323 1749 373 1791 de
407 1749 596 1791 exercitu
627 1763 704 1790 suo
739 1748 928 1790 seniores
949 1749 1131 1802 centum,
1146 1757 1148 1759 ’
1163 1762 1269 1802 quos
1303 1749 1523 1792 senatores
1545 1745 1794 1801 appellauit.

324 1808 523 1851 dicuntur
555 1807 729 1864 quidem
761 1810 805 1849 et
837 1809 1078 1848 ceterarum
1109 1806 1336 1848 ciuitatum
1369 1808 1611 1860 6611610166,
1651 1804 1794 1847 661166

322 1868 553 1923 principes,
585 1867 658 1909 sed
677 1866 759 1909 hoc
778 1866 825 1908 in
850 1865 1051 1921 antiquis.
1093 1880 1195 1908 nam
1227 1866 1353 1907 modo
1387 1867 1560 1907 senator
1591 1864 1673 1906 dici
1705 1878 1794 1905 non

363 2061 380 2091 1
409 2054 644 2102 Salsuginem
675 2066 747 2090 mr:
781 2054 995 2099 Saluginem
1029 2054 1086 2098 H,
1119 2052 1350 2098 Salsaginem
1383 2051 1432 2097 R,
1467 2050 1680 2097 Salsugines
1703 2062 1724 2086 v

265 2108 288 2139 4
311 2104 404 2139 item
429 2104 481 2139 R:
507 2103 604 2138 inter
633 2102 713 2148 GH,
739 2104 778 2138 et
802 2102 893 2137 item
919 2101 953 2136 G
1007 2108 1010 2110 ’
1062 2106 1082 2136 6
1109 2103 1238 2146 portae
1266 2099 1345 2135 OG:
1372 2110 1438 2135 om,
1467 2099 1544 2134 HR
1671 2102 1692 2134 8
1718 2096 1795 2133 Sci-

265 2152 422 2187 scitatur
446 2163 467 2186 v
575 2154 616 2185 10
644 2149 871 2195 Simpliciter
902 2149 948 2183 H
965 2150 969 2194 Ι
991 2160 1065 2183 1106
1092 2148 1141 2182 G:
1172 2148 1212 2183 in
1239 2147 1283 2191 Ο,
1315 2148 1354 2183 61
1378 2146 1455 2182 HR
1575 2150 1618 2181 12
1645 2145 1795 2191 agiliter

265 2199 444 2234 uelociter
475 2209 495 2233 v
642 2201 685 2232 13
711 2196 889 2233 aduerbio
916 2195 962 2231 C:
997 2195 1166 2230 aduerbii
1196 2195 1378 2239 qualitate
1410 2207 1437 2228 ω
1460 2195 1465 2240 Ι
1488 2204 1576 2239 ergo
1591 2214 1636 2218 —
1652 2192 1794 2228 faceret

268 2245 349 2281 GR:
375 2246 499 2291 potest
525 2256 613 2290 ergo
629 2245 807 2280 ——facere
833 2244 894 2278 Hv
1029 2246 1073 2277 14
1099 2242 1286 2287 euphonia
1312 2241 1433 2277 GHG:
1461 2241 1686 2286 euphoniam
1710 2239 1747 2274 R

268 2297 310 2328 15
351 2293 551 2329 offenditur
586 2303 668 2327 rnos:
713 2291 868 2327 offendit
906 2290 1022 2335 GRG,
1073 2289 1237 2324 ostendit
1279 2289 1323 2324 H
1346 2291 1350 2333 Ι
1382 2289 1539 2324 dicimus
1583 2299 1650 2323 om.
1695 2286 1727 2322 G

269 2345 310 2376 17
338 2339 536 2386 Spondilus
564 2339 607 2374 0:
634 2339 846 2384 Spondulus
870 2337 928 2382 H,
954 2336 1163 2382 Spondolus
1188 2336 1262 2372 RG
1383 2339 1424 2371 18
1450 2346 1524 2370 non
1549 2335 1598 2370 G:
1625 2345 1691 2369 om.
1719 2334 1757 2368 P

268 2392 310 2423 19
337 2389 484 2423 tantum
508 2387 549 2421 H
632 2390 677 2421 20
702 2388 848 2421 tumens
875 2383 913 2430 Ο,
938 2386 1059 2420 tumes
1085 2383 1173 2429 HR,
1199 2385 1320 2419 tumet
1345 2383 1378 2418 G
1474 2386 1518 2417 21
1546 2381 1790 2426 Sapphirinus

266 2436 322 2470 R:
350 2434 582 2480 Saphirinuis
616 2433 659 2478 Ο,
699 2433 876 2469 8611111166
908 2432 953 2466 H
958 2432 1038 2467 Vat.
1068 2435 1175 2475 1552,
1211 2430 1387 2476 86911666
1417 2429 1452 2465 G
1480 2427 1702 2474 lsapphirus
1734 2427 1792 2462 R:

267 2482 485 2528 Saphirinus
512 2481 549 2526 C,
576 2481 743 2516 safirinos
768 2481 813 2515 H
818 2480 899 2515 Vat.
927 2483 1029 2523 1552,
1056 2478 1226 2524 sapit-nus
1251 2478 1285 2512 G
1405 2481 1449 2512 22
1477 2475 1661 2521 Sugillare
1688 2475 1792 2520 Gpm:

268 2530 479 2576 Suggillare
492 2528 619 2574 HRv-1
641 2528 810 2574 regulam
825 2528 862 2561 P
882 2529 886 2570 Ι
909 2526 1089 2572 stringere
1105 2526 1142 2560 P
1212 2529 1256 2560 23
1271 2524 1431 2569 suggillo
1451 2523 1607 2559 uerbum
1629 2523 1795 2558 actiuum

267 2579 305 2612 et
329 2577 419 2612 facit
443 2576 632 2622 passiuum
658 2575 839 2621 suggillor
865 2574 899 2609 G
1042 2577 1088 2608 24
1113 2584 1220 2608 uerus
1247 2572 1327 2607 GR:
1360 2583 1446 2606 uere
1472 2571 1517 2606 H
1657 2574 1705 2605 25
1730 2569 1794 2604 isti

267 2623 378 2660 electi
396 2626 482 2659 sunt
503 2625 649 2658 centum
671 2634 713 2658 ex
734 2622 884 2668 populo,
905 2620 968 2665 qui
989 2620 1037 2656 ob
1056 2622 1218 2655 aetatem
1231 2621 1430 2663 senatores,
1451 2618 1498 2654 ob
1513 2616 1794 2653 similitudinem

267 2682 377 2706 curae
402 2673 527 2716 patres
552 2669 732 2715 appellati
759 2671 861 2712 sunt,
894 2679 936 2703 eo
963 2667 1062 2712 quod
1088 2669 1184 2702 sicut
1207 2667 1316 2711 pater
1339 2665 1444 2710 filiis,
1476 2665 1532 2700 ita
1556 2665 1795 2710 prouiderent

267 2717 494 2764 reipublicae
520 2717 555 2752 G
662 2721 707 2752 26
735 2719 773 2752 et
797 2716 1007 2752 addidimus
1031 2726 1049 2749 e
1074 2714 1108 2749 G
1130 2715 1134 2758 Ι
1157 2713 1279 2749 curiae
1306 2724 1349 2748 ac
1376 2713 1412 2747 P
1513 2717 1555 2748 27
1582 2712 1654 2747 hoc
1678 2711 1729 2746 G:
1753 2711 1793 2745 in

266 2766 338 2801 hoc
366 2765 426 2810 Pl
448 2776 535 2800 nam
561 2765 648 2809 (non
674 2764 729 2808 H)
754 2764 866 2799 modo
891 2763 982 2797 HG:
1009 2773 1078 2798 om.
1103 2761 1140 2796 R
1355 2796 1359 2799 ,
1692 2780 1701 2786 s

363 2817 380 2847 1
409 2811 652 2858 salsuginem]
679 2812 740 2848 lib.
765 2812 869 2856 yloss.
897 2810 1063 2854 Salsugo,
1089 2808 1218 2843 muria.
1334 2811 1354 2842 2
1381 2806 1541 2852 sacrum]
1575 2806 1676 2850 Viry.
1701 2804 1792 2839 Ae‘n.

268 2863 465 2904 3‚73.3‚57.
482 2863 595 2904 6,574.
624 2859 718 2894 Isid.
744 2859 793 2895 D.
829 2858 868 2893 V.
889 2860 969 2894 498.
997 2857 1206 2892 8611611616
1222 2859 1442 2900 1,632.3,57.
1528 2857 1572 2888 22
1599 2851 1792 2898 sugillare]

268 2909 328 2943 lib.
354 2909 458 2952 yloss.
486 2906 703 2952 Sugillauit,
730 2906 840 2951 gulae
865 2915 1017 2940 manum
1042 2902 1180 2939 iniecit.

1800 7 1803 9 Α
1814 0 1898 45 W
