1898 3294
886 142 1174 206 -’78.-

274 315 276 318 ,
323 271 478 313 tertiae
517 272 593 312 aut
624 271 821 326 quartae,
859 269 1014 325 quibus
1053 269 1226 312 eaedem
1257 266 1498 311 Amazones
1535 270 1714 312 utuntur
1744 269 1791 311 in

325 343 484 385 pugna.

266 389 585 444 Piacularia,
618 389 846 444 sacrilega,
877 388 1067 443 peccatis
1098 388 1236 443 plena.
1467 431 1476 434 ,

265 448 494 503 Pignora
536 448 723 490 filiorum
768 450 869 490 sunt
910 447 980 490 uel
1029 447 1259 490 affectuum
1302 446 1415 488 inter
1454 461 1511 488 se.
1571 446 1792 502 pignera.

230 518 246 544 5
326 522 433 563 quae
466 507 750 550 creditoribus
782 507 950 549 dantur.
983 507 1057 549 sed
1088 509 1269 562 utraque
1301 505 1524 548 confundit
1555 505 1791 548 auctoritas

326 566 539 609 lectionis.

266 625 616 682 Plagiatores,
648 626 906 668 seductores.

266 684 663 741 Phlegetontas,
694 683 873 727 flumina
905 684 1016 739 apud
1047 683 1208 726 inferos
1239 684 1340 738 igne
1371 683 1649 727 flammantia.

266 743 583 799 Priuilegia,
621 745 740 799 leges
778 745 1048 799 priuatorum
1092 758 1167 790 seu
1203 742 1431 798 beneficia,
1469 757 1578 798 quae
1616 758 1642 785 a
1677 743 1792 799 prin-

215 816 248 840 10
327 804 495 858 cipibus
507 804 807 861 conceduntur.
840 803 913 845 sed
933 802 1153 844 interdum
1168 817 1194 844 a
1213 802 1469 856 quibusdam
1489 816 1567 857 pro
1589 801 1791 858 ‘legibus'

326 862 558 918 priuilegia
589 863 800 904 dicuntur.
1776 884 1782 887 ·

268 922 524 964 Pinnatae
561 922 760 978 plagae.
815 922 971 976 plagae
1011 922 1113 962 sunt
1149 920 1323 962 uincula
1352 920 1511 962 retium
1542 920 1792 976 extensique

327 981 471 1037 funes,
509 982 665 1036 quibus
704 980 932 1036 capiuntur
963 982 1167 1035 agrestes
1187 979 1321 1032 ferae,
1354 979 1400 1021 in
1431 979 1586 1035 quibus
1618 979 1792 1022 funibus

329 1041 474 1084 auium
506 1041 730 1096 eriguntur
759 1051 937 1095 pennae.

215 1255 249 1282 15
755 1241 926 1285 Glossae
950 1255 1027 1296 per
1056 1240 1098 1283 R
1129 1241 1317 1283 litteram.

267 1349 536 1392 Recensiti
580 1349 726 1404 libri,
768 1363 858 1391 non
902 1346 1156 1403 erecenseti',
1201 1346 1415 1403 quomodo
1458 1346 1669 1402 praebiti,
1707 1360 1796 1388 non

327 1409 536 1464 praebeti.
1516 1409 1520 1412 ’

268 1468 603 1524 Reliquatum
634 1466 938 1523 μεταφορικῶς
969 1466 1148 1522 dictum,
1179 1465 1405 1522 liquatum.

267 1527 530 1570 Reduuiae
579 1527 779 1569 dicuntur
830 1526 971 1582 spolia
1021 1528 1287 1580 serpentum,
1349 1525 1522 1580 quibus,
1583 1525 1796 1579 quotquot

215 1600 250 1625 20
329 1587 452 1629 annis
486 1588 722 1640 senescunt,
755 1601 846 1628 sese
867 1587 1039 1640 exuunt,
1071 1585 1193 1640 quasi
1213 1585 1367 1639 quibus
1400 1583 1540 1626 exutis
1572 1583 1618 1625 in
1647 1583 1796 1625 iuuen-

326 1649 420 1688 tam
451 1646 641 1688 redeunt.
690 1645 891 1687 dicuntur
921 1644 1035 1687 enim
1067 1643 1301 1699 ‘induniae‚
1339 1643 1536 1698 exuuiae,
1565 1641 1795 1684 reduuiae'.

268 1705 516 1761 Regulus,
547 1719 704 1747 nomen
736 1705 948 1759 serpentis
981 1703 1189 1746 basilisci.

269 1764 447 1807 Rictus
492 1767 672 1807 uocatur
717 1763 857 1806 omnis
903 1763 1069 1818 apertio
1108 1762 1195 1804 oris
1239 1762 1312 1804 uel
1355 1760 1606 1816 patefactio,
1649 1760 1795 1803 hiatus

327 1827 418 1866 tam
449 1824 565 1866 ferae
598 1838 727 1879 quam
757 1823 956 1865 hominis.
1006 1822 1162 1864 dicitur
1194 1823 1238 1863 et
1268 1821 1433 1862 rictus
1466 1835 1514 1862 os
1546 1820 1700 1875 ipsum.

216 1896 250 1922 25
269 1883 577 1925 Resultatio
609 1883 654 1924 id
685 1884 752 1924 est
770 1881 1012 1935 reluctatio,
1045 1895 1152 1936 quae
1170 1880 1372 1921 renititur
1391 1882 1435 1921 et
1466 1881 1616 1921 contra
1646 1878 1802 1921 tendits

328 1943 434 1984 item
476 1942 733 1986 resultare
783 1941 983 1983 dicuntur
1031 1954 1185 1982 uocum
1236 1939 1422 1993 sonitus,
1470 1938 1514 1980 id
1563 1941 1629 1979 est
1677 1940 1793 1980 retro

331 2002 482 2044 audiri.

269 2060 523 2116 Recutiti,
554 2060 712 2103 Iudaei.

365 2255 384 2285 3
411 2248 607 2294 sacrilegia
633 2248 664 2284 0
810 2251 832 2282 4
857 2246 1016 2292 Pignera
1042 2247 1080 2281 et
1103 2244 1261 2290 pignora
1285 2244 1446 2280 filiorum
1471 2243 1506 2279 G
1527 2248 1532 2287 Ι
1553 2243 1651 2279 inter
1675 2254 1713 2279 se
1738 2241 1793 2277 R:

269 2297 445 2333 interesse
471 2311 499 2332 ω
610 2301 631 2332 6
657 2295 807 2331 lectoris
834 2295 868 2329 G
973 2297 994 2328 8
1019 2293 1105 2338 igne
1130 2293 1186 2327 R:
1218 2292 1344 2338 ignem
1370 2292 1414 2326 H
1518 2295 1562 2326 12
1587 2291 1723 2326 retium
1749 2289 1794 2324 O:

269 2345 446 2380 retiatum
466 2358 494 2379 ω
593 2347 636 2378 18
661 2343 845 2388 liquatum
870 2352 948 2376 vmr
969 2341 1129 2385 Papias:
1156 2339 1382 2385 reliquatum
1405 2339 1441 2373 P
1537 2342 1579 2373 19
1606 2337 1794 2372 Reduuiae

273 2392 356 2428 GH:
383 2391 572 2427 Redubiae
598 2390 670 2425 RG
771 2393 817 2424 20
843 2389 1038 2424 senescunt
1062 2387 1214 2422 HRvm:
1239 2387 1467 2422 senescentes
1495 2384 1534 2428 G,
1557 2385 1796 2420 resenescunt

270 2441 371 2475 codd.
398 2443 418 2474 2
439 2439 558 2484 paris.
584 2438 772 2473 Duebmm·
796 2436 923 2481 optimi
945 2439 950 2481 Ι
971 2435 1036 2480 qui
1060 2446 1084 2470 a
1108 2434 1240 2480 quibus
1268 2433 1298 2469 G
1414 2437 1458 2468 21
1484 2431 1638 2467 indubie
1663 2431 1794 2467 exuuie

269 2486 423 2522 redubie
449 2486 483 2522 G
602 2489 646 2520 22
672 2485 830 2520 Reculus
855 2483 900 2518 H
1015 2486 1058 2517 23
1084 2481 1209 2517 hiatus
1237 2480 1290 2516 P:
1317 2479 1492 2516 oscitatus
1518 2479 1568 2523 G,
1603 2478 1795 2514 oscitantis

273 2535 416 2579 Papias
547 2537 593 2568 24
617 2532 740 2578 ipsum
765 2530 987 2577 simplicitur
1012 2529 1047 2565 G
1177 2532 1223 2564 25
1247 2527 1370 2563 tendit
1394 2527 1443 2562 G:
1470 2526 1664 2562 contendit
1689 2525 1726 2560 P

270 2586 315 2617 26
340 2583 440 2617 retro
465 2580 585 2616 audiri
609 2591 690 2616 nos:
715 2577 923 2614 recoaudiri
949 2577 987 2620 G,
1012 2575 1174 2612 reaudiri
1197 2575 1275 2610 HR

365 2680 387 2711 4
420 2675 593 2722 pignora]
623 2674 762 2719 passim
793 2684 853 2718 ap.
890 2672 1076 2707 Plautum.
1108 2670 1308 2715 Ayroeeius
1345 2671 1508 2712 2269,18.
1544 2667 1588 2703 Ρ.
1635 2667 1795 2713 Pignera

268 2736 391 2760 rerum
427 2724 523 2768 sunt,
559 2722 715 2768 pignora
744 2721 905 2756 filiorum
936 2721 975 2754 et
1010 2717 1257 2753 affectionum.
1302 2717 1348 2760 cf.
1386 2717 1481 2751 Isid.
1513 2716 1562 2752 D.
1597 2715 1638 2750 V.
1663 2717 1744 2750 456.

270 2776 291 2806 8
317 2770 594 2817 phlegetontas]
627 2769 730 2804 Seru.
758 2768 850 2803 Aen.
882 2770 994 2812 6,265.
1166 2769 1208 2799 19
1234 2763 1427 2810 reduuiae]
1461 2763 1520 2798 lib.
1556 2762 1662 2808 yloss.
1687 2764 1721 2796 et
1744 2761 1792 2806 91.

272 2819 365 2854 Isid.
402 2817 604 2861 Reduuias,
644 2814 830 2860 reliquias.
997 2817 1041 2848 22
1079 2811 1245 2857 regulus]
1284 2810 1382 2846 Fest.
1417 2811 1526 2845 Paul.
1563 2813 1656 2853 31‚8.
1696 2808 1791 2843 Isid.

273 2870 397 2910 12,4,6.
559 2868 604 2899 23
629 2863 759 2909 rictus]
786 2863 884 2898 Non.
911 2864 1049 2904 455,35.
1211 2862 1255 2894 25
1280 2857 1492 2903 resultatio]
1518 2857 1622 2902 91083.
1648 2855 1711 2890 lat.
1737 2865 1792 2900 qr.

271 2912 501 2958 Resultatio,
526 2907 615 2957 ἠχώ.
