1898 3294
910 149 934 163 Π

790 174 844 182 -—-
917 162 928 193 (
999 174 1050 179 .-

146 254 222 300 Ad
255 256 712 311 manticulandum,
743 256 796 299 ad
828 256 972 299 dolum
1007 259 1051 299 et
1082 255 1288 312 strophas
1320 256 1647 312 excogitandas.

145 315 223 359 Ad
255 316 488 371 incitam,
519 316 573 359 ad
606 319 844 359 extremam
878 317 1110 359 i'ortunam.
1180 322 1181 325 ’

147 374 443 431 Adbiteret,
476 375 713 419 adueniret.

146 434 362 490 Adoria,
393 435 535 491 gloria
565 434 634 477 uel
667 435 783 477 bona
815 435 943 477 fama.

110 507 128 534 a
148 493 368 550 Adorea,
401 495 560 549 farrea,
592 497 640 536 ut
672 493 783 549 apud
817 492 1066 549 Virgilium.

147 553 370 610 Angrae,
403 553 636 596 interualla
668 567 882 596 aruorum.

147 613 355 667 Antica,
387 628 497 669 quae
530 615 630 655 ante
663 613 707 655 in
740 612 935 668 auguriis
969 616 1084 655 sunt.

146 671 454 729 Antiquam,
486 672 539 715 ad
571 675 735 715 statum
767 686 985 715 revocare.

145 731 441 787 Armillum‚
474 747 551 775 uas
584 732 813 774 uinarium.
874 732 985 774 unde
1018 731 1142 775 ‘anus
1175 732 1228 774 ad
1261 732 1511 775 armillum’.

97 804 131 830 10
149 789 427 847 Antigerio
459 791 530 834 uel
562 791 792 834 admodum
825 791 894 834 uel
927 791 1138 847 inprimis.

148 850 485 907 Aequabiles,
510 851 727 907 aequales.

149 909 345 964 Alitos,
375 910 577 953 nutritos.

143 968 431 1025 Alimones,
463 970 518 1013 ab
551 970 771 1014 alimento.

237 1174 253 1206 1
283 1171 586 1207 maniculandum
613 1172 647 1207 G
674 1172 681 1215 1
707 1171 883 1218 scrophas
909 1171 941 1207 G
971 1172 978 1216 Ι
1011 1170 1278 1217 excogitandas
1305 1172 1355 1207 G:
1391 1172 1680 1217 excogitandum

143 1218 180 1253 P
306 1223 327 1254 2
355 1219 412 1255 Ad
437 1219 590 1255 incitam
619 1219 675 1255 H:
724 1219 927 1255 Adinatam
960 1219 1004 1262 0,
1038 1219 1094 1254 Ad
1130 1219 1273 1254 inatam
1306 1219 1359 1264 R,
1395 1219 1452 1255 Ad
1485 1219 1680 1255 incitatam

140 1265 256 1302 sz.
283 1267 454 1312 Amplon.
553 1271 574 1302 3
601 1266 797 1303 Adbiteret
819 1267 868 1302 P:
895 1267 1093 1303 Aduiteret
1111 1267 1132 1302 b
1158 1266 1182 1302 b
1201 1278 1317 1312 supra
1337 1279 1360 1302 ιι
1379 1278 1461 1310 scr„
1482 1267 1682 1303 Adniteret

139 1325 201 1356 va,
244 1314 465 1351 Aduerteret
483 1326 512 1360 p
628 1319 650 1350 4
676 1314 816 1350 Adoria
841 1314 964 1354 11va
992 1314 1155 1361 Papias:
1191 1314 1337 1350 Adorea
1363 1315 1427 1350 Gm
1533 1320 1554 1350 5
1583 1316 1683 1351 farra

139 1361 227 1397 libri
323 1366 344 1398 6
364 1363 490 1407 Angre
516 1362 609 1397 HG:
635 1364 783 1407 Angere
809 1363 877 1406 (vel
896 1364 1057 1407 Angere)
1091 1362 1129 1406 G,
1157 1362 1303 1398 Ancrae
1328 1362 1365 1398 R
1387 1364 1391 1407 Ι
1414 1374 1589 1398 aruorum
1615 1375 1681 1398 uos

136 1410 182 1453 cf.
209 1410 351 1445 Ancras
366 1421 407 1455 p.
429 1414 468 1445 9:
503 1409 679 1446 arborum
699 1411 788 1446 libri
886 1414 904 1446 7
932 1409 1068 1445 Antica
1092 1410 1244 1455 scripsi:
1270 1410 1478 1456 Antiquare
1505 1411 1593 1446 libri
1614 1412 1619 1454 Ι
1643 1411 1682 1446 in

136 1456 303 1503 auguriis
334 1468 416 1492 nos:
448 1457 488 1492 in
519 1468 679 1502 augures
713 1457 799 1501 GH,
837 1457 1036 1503 inaugures
1068 1457 1115 1501 R,
1141 1457 1220 1493 inte
1253 1469 1409 1503 augeres
1435 1458 1469 1493 G
1566 1462 1587 1494 8
1614 1458 1682 1494 alii

136 1504 335 1550 antiquare
360 1505 448 1540 libri
548 1510 591 1541 10
617 1505 818 1541 admodum
838 1505 881 1540 K
883 1506 970 1540 lotzz
997 1505 1311 1550 quemadmodum
1332 1506 1420 1541 libri

234 1591 251 1622 1
278 1587 327 1623 ad
352 1587 691 1634 manticulandum]
713 1587 813 1624 Fest.
841 1591 981 1631 133,18.
1021 1587 1311 1624 Manticularum
1337 1599 1424 1624 usus
1450 1589 1679 1635 pauperibus

133 1633 173 1670 in
191 1635 353 1671 nummis
367 1635 612 1671 recondendis
632 1636 747 1671 etiam
767 1637 895 1671 nostro
915 1635 1065 1671 saeculo
1084 1635 1166 1671 fuit.
1201 1636 1299 1671 unde
1319 1636 1559 1672 manticulari
1578 1636 1678 1673 dice—

136 1681 289 1726 bantur,
322 1683 387 1728 qui
419 1683 569 1718 furandi
599 1683 723 1729 gratia
754 1683 976 1719 manticulas
1009 1683 1272 1719 attrectabant.
1324 1684 1411 1719 inde
1442 1688 1578 1730 poetae
1611 1696 1679 1731 pro

135 1729 263 1766 dolose
290 1730 380 1775 quid
405 1731 551 1776 agendo
577 1731 634 1766 usi
662 1732 748 1766 sunt
780 1742 824 1767 eo
850 1730 976 1767 uerbo.
1027 1730 1228 1767 Pacuuius:
1265 1731 1327 1766 ‘ad
1353 1731 1678 1768 manticulandum

134 1779 218 1812 astu
249 1778 478 1824 aggreditur.
526 1777 597 1814 scit
628 1778 728 1815 enim
760 1778 851 1824 quid
880 1777 1155 1824 promeruerit’.
1302 1782 1324 1813 2
1358 1779 1406 1814 ad
1431 1779 1604 1827 incitam]
1631 1781 1677 1824 cf.

133 1825 191 1860 Ad
215 1824 352 1861 incitas
373 1837 411 1872 p.
430 1830 474 1862 10
619 1830 640 1861 3
673 1825 875 1873 adbiteret]
908 1827 953 1870 cf.
989 1826 1116 1861 Plaut.
1150 1825 1255 1871 Capt.
1283 1830 1410 1871 3‚4‚72.
1437 1826 1584 1862 adbites

133 1876 154 1907 4
186 1872 330 1919 adoria]
364 1873 463 1910 Fest.
504 1873 614 1910 Paul.
638 1878 732 1917 3‚12.
784 1872 962 1909 Adoriam
990 1873 1146 1915 *laudem
1177 1873 1255 1910 siue
1287 1873 1447 1919 gloriam
1479 1874 1671 1919 dicebant,

132 1919 221 1965 quia
245 1919 449 1966 gloriosum
483 1932 567 1956 eum
599 1922 786 1967 putabant
812 1931 908 1965 esse,
941 1920 1006 1966 qui
1030 1921 1139 1956 farris
1165 1921 1275 1967 copia
1299 1921 1520 1958 abundaret.
1571 1923 1676 1960 Seru.

133 1968 223 2003 Aen.
264 1972 402 2011 10,677.
452 1967 594 2004 Adoria
627 1968 710 2004 laus
747 1968 902 2013 bellica,
935 1968 1036 2014 quod
1069 1980 1197 2004 omnes
1231 1980 1315 2004 cum
1354 1970 1678 2016 congratulatione

132 2014 421 2060 alloquebantur
459 2027 561 2059 eum,
600 2016 665 2061 qui
701 2016 741 2052 in
783 2015 882 2052 bello
914 2015 1062 2052 fortiter
1092 2015 1192 2052 fecit.
1228 2017 1334 2062 yloss.
1367 2017 1482 2052 Labb.
1525 2018 1677 2061 Adoria,

133 2059 235 2103 εἶδος
260 2063 382 2107 σίτου,
414 2060 509 2106 δόξα
536 2060 558 2108 ἡ
585 2060 662 2098 α’πὸ
695 2063 762 2099 τοῦ
795 2062 980 2109 πολέμου.’
999 2063 1044 2108 cf.
1071 2063 1220 2099 Adorea
1238 2076 1278 2109 p.
1306 2069 1327 2099 3
1475 2070 1496 2100 5
1522 2066 1675 2113 adorea]

132 2108 236 2145 Seru.
274 2111 367 2148 Aen.
395 2115 511 2154 7,]09.
564 2111 712 2147 Adorea
745 2110 834 2146 liba.
886 2111 979 2147 ador
1010 2110 1160 2157 proprie
1192 2111 1250 2147 est
1287 2123 1404 2158 genus
1443 2112 1561 2149 farris.
1600 2113 1678 2150 liba

131 2158 258 2194 autem
290 2158 378 2194 sunt
402 2158 598 2204 placentae
623 2159 669 2194 de
701 2158 815 2203 farre,
847 2158 960 2194 melle
986 2159 1024 2195 et
1055 2158 1156 2202 oleo,
1189 2158 1304 2194 saeris
1330 2161 1454 2204 aptae.
1482 2161 1542 2196 lib.
1569 2162 1675 2206 ylo-ss.

131 2206 183 2249 (a)
230 2204 408 2241 Adorea
444 2205 558 2249 liba,
596 2206 718 2242 farrea
761 2205 954 2242 libamina.
995 2206 1081 2242 ibid.
1126 2206 1309 2242 Adorea
1357 2206 1467 2250 liba,
1513 2220 1532 2244 e
1578 2209 1676 2245 farre

131 2251 242 2290 facta.
274 2252 366 2289 ador
399 2253 498 2289 enim
531 2253 590 2289 far
620 2253 767 2290 dicitur.
866 2261 886 2289 6
918 2254 1074 2300 angrae]
1106 2255 1211 2299 qloss.
1246 2255 1340 2290 Isid.
1376 2254 1536 2300 Angrae,
1562 2256 1676 2293 inter-

132 2299 235 2336 ualla
265 2300 437 2337 arborum
471 2300 534 2337 uel
565 2301 765 2338 conualles.
799 2302 845 2345 cf.
881 2301 980 2338 Fest.
1015 2302 1126 2337 Paul.
1162 2305 1277 2345 11‚13.
1305 2306 1337 2337 et
1362 2303 1504 2338 Ancras
1525 2315 1565 2349 p.
1583 2308 1603 2339 9

133 2351 152 2383 7
179 2347 322 2395 antica]
350 2348 449 2384 Fest.
478 2348 589 2384 Paul.
616 2353 733 2392 2203.
760 2348 931 2395 Denique
950 2349 989 2385 et
1014 2359 1110 2394 quae
1136 2351 1224 2385 ante
1250 2360 1316 2384 nos
1341 2351 1445 2393 sunt,
1472 2352 1609 2395 antica,
1637 2353 1675 2388 et

131 2405 226 2440 quae
251 2397 337 2441 post
360 2406 428 2432 nos
453 2398 557 2439 sunt,
582 2396 730 2442 postica
754 2396 938 2432 dicuntur.
965 2397 1012 2440 cf.
1033 2396 1136 2433 Seru.
1158 2398 1249 2432 Aen.
1271 2401 1390 2440 2‚453.
1419 2402 1535 2442 6,191.
1563 2401 1671 2436 eund.

130 2441 213 2478 Ecl.
247 2446 339 2485 9‚13.
437 2448 458 2479 8
485 2443 700 2491 antiquare]
733 2443 833 2480 Fest.
868 2443 979 2480 Paul.
1009 2448 1123 2487 16‚12.
1152 2445 1357 2490 Antiquare
1384 2447 1442 2480 est
1466 2445 1504 2480 in
1532 2458 1673 2483 morem

131 2488 330 2534 pristinum
360 2490 545 2527 reducere.
692 2495 713 2527 9
749 2491 954 2538 armillum]
988 2491 1087 2527 Fest.
1117 2492 1226 2527 Paul.
1254 2496 1323 2535 2,5.
1351 2492 1568 2538 Armillum‚
1607 2506 1673 2531 uas

131 2535 316 2573 uinarium
342 2537 380 2573 in
400 2537 514 2574 sacris
533 2538 687 2583 dictum,
714 2539 813 2584 quod
839 2550 954 2583 armo,
980 2538 1019 2574 id
1046 2539 1104 2575 est
1123 2539 1289 2583 humero,
1315 2539 1544 2585 deportetur.
1571 2542 1671 2580 Non.

132 2587 271 2627 547‚11.
305 2585 425 2621 Lucil.
461 2598 522 2631 ap.
555 2586 653 2622 Non.
687 2590 802 2630 74‚10.
854 2586 951 2622 Hinc
981 2586 1029 2622 ad
1061 2597 1137 2630 me,
1171 2586 1258 2622 hine
1282 2586 1388 2623 ilicet
1411 2598 1505 2623 anus
1530 2589 1671 2626 Rursus

131 2630 179 2666 ad
205 2630 404 2668 armillum.
505 2638 548 2670 10
574 2633 776 2681 antigerio]
809 2634 909 2670 Fest.
938 2634 1049 2670 Paul.
1075 2638 1143 2679 8,5.
1193 2633 1390 2681 Antigerio
1421 2636 1571 2682 ⁴antiqui
1603 2650 1670 2683 pro

130 2678 242 2714 ualde
267 2678 451 2716 dixerunt.
491 2681 616 2727 Quint.
643 2685 760 2726 8‚3‚25
787 2681 926 2728 oppido
953 2681 1106 2727 quidem
1124 2682 1181 2717 usi
1208 2684 1296 2718 sunt
1318 2682 1474 2728 paulum
1499 2686 1671 2730 tempore

130 2726 258 2761 nostro
290 2726 512 2772 superiores,
544 2739 676 2765 uereor
700 2730 742 2764 ut
766 2729 841 2764 iam
872 2740 939 2765 nos
963 2728 1061 2764 ferat
1085 2729 1300 2775 quisquam:
1339 2731 1439 2766 certe
1464 2733 1669 2777 antegerio,

130 2773 234 2809 euius
254 2773 385 2809 eadem
404 2773 628 2820 significatio
652 2777 726 2820 est,
752 2787 860 2812 nemo
886 2775 958 2812 nisi
982 2775 1202 2812 ambitiosus
1227 2778 1365 2813 utetur.
1466 2783 1505 2812 11
1534 2790 1670 2825 aequa-

130 2820 242 2867 biles]
277 2821 404 2856 Plaut.
438 2821 542 2867 Capi.
569 2827 698 2867 2‚2‚52.
823 2828 864 2859 13
897 2823 1096 2878 alimones]
1131 2824 1292 2869 Papias:
1331 2824 1582 2869 Alimones,
1620 2827 1668 2863 ab

131 2867 320 2910 alimento,
341 2879 414 2914 quo
434 2868 657 2914 nutriuntur,
678 2870 781 2906 dieti.
809 2871 919 2916 OPp.
947 2875 993 2907 44
1019 2870 1269 2916 Ahmones,
1295 2872 1509 2919 nutritores,
1536 2874 1666 2912 educa-

130 2918 250 2960 tores,
276 2915 427 2952 fotores.
454 2916 499 2960 cf.
526 2916 615 2952 ibid.
638 2928 677 2963 p.
706 2922 759 2954 10.
