1898 3294
781 159 1042 200 —5-

141 266 438 322 Antistant,
471 266 672 309 meliores
706 270 819 309 sunt.

142 326 535 383 Adstipulator,
566 326 816 381 promissor.

142 386 490 441 Allieiendos‚
519 385 775 428 inliciendos
807 385 876 428 uel
910 385 1242 441 persuadendos.

142 445 450 501 Amandum,
481 447 605 488 extra
631 444 847 488 mandata.
885 444 1152 487 amandari
1185 443 1301 486 enim
1327 447 1453 487 extra
1484 444 1684 487 mandari

105 519 124 547 ο
201 508 287 562 est,
325 505 438 562 quod
475 503 648 560 proprie
686 503 738 547 ad
777 503 999 547 hominem
1030 505 1233 558 refertur,
1267 506 1314 546 ut
1345 503 1383 546 si
1415 504 1512 559 quis
1544 503 1684 547 filium

200 564 367 621 releget
397 566 474 608 aut
505 563 550 606 in
581 563 818 620 longinqua
842 562 1126 606 transmittat.

141 623 422 668 Artissime
453 622 732 677 commisit,
764 622 984 666 artissime
1016 622 1256 678 colligavit.
1313 623 1683 666 commissurae

201 683 330 728 enim
349 682 674 726 coniunctiones
707 682 909 725 dicuntur
939 682 1031 725 siue
1064 681 1289 737 ligamina.

142 741 604 798 Auerruncassint,
636 742 868 785 auellerint
899 741 970 784 uel
1001 741 1252 784 auerterint.

89 818 124 844 10
141 801 416 859 Allegans,
454 802 685 858 deputans,
717 802 884 858 eligens
916 801 985 844 uel
1017 801 1234 857 delegans

140 862 435 919 Anquirens
467 875 544 918 pro
578 862 808 928 adquirens
840 861 910 904 uel
944 861 1166 917 inquirens
1199 861 1354 917 magis.

142 922 512 977 Adsciscenda‚
545 917 829 979 adiungenda

141 981 380 1037 Abrupta
411 981 614 1024 sanctio
646 984 798 1037 aperta.
829 981 898 1023 lex
930 980 1100 1023 dieitur.

141 1040 273 1084 Aere
304 1041 466 1084 uitam
498 1041 638 1083 ducit
669 1055 726 1083 ac
758 1055 924 1095 manu,
956 1039 999 1082 id
1033 1042 1099 1082 est
1122 1040 1305 1096 pecunia
1325 1055 1454 1083 manu
1486 1040 1682 1083 collecta.

92 1116 124 1142 15
143 1099 361 1144 Auctrix
382 1100 435 1143 ab
457 1100 655 1156 augendo
676 1101 794 1143 dicta
813 1103 892 1143 est.
915 1102 1113 1155 auctor,
1145 1099 1200 1142 ab
1222 1100 1492 1172 auctoritate,
1512 1101 1682 1155 generis

206 1163 274 1203 est
306 1160 564 1215 communis,
595 1162 644 1203 ut
675 1159 747 1202 hic
778 1162 822 1202 et
852 1159 982 1202 haec
991 1162 1153 1202 auctor.

143 1219 441 1276 Aerarium,
471 1219 704 1275 templum,
735 1219 810 1262 ubi
842 1219 1025 1275 pecunia
1054 1218 1230 1274 publica
1261 1219 1450 1275 ponitur.

142 1278 504 1335 Altrinsecus,
535 1279 637 1323 hinc
665 1282 708 1322 et
727 1279 839 1334 inde,
870 1279 941 1321 uel
973 1279 1166 1334 desuper.
1210 1278 1324 1321 sicut
1355 1279 1682 1322 extrinsecus

202 1339 385 1382 dicimus
423 1338 477 1382 ab
517 1354 588 1395 eo,
632 1339 745 1407 quod
785 1341 852 1382 est
893 1340 1035 1393 extus,
1079 1340 1124 1381 et
1161 1338 1493 1382 intrinsecus
1532 1339 1586 1382 ab
1620 1354 1684 1395 eo,

88 1413 123 1439 20
201 1398 317 1454 quod
349 1400 416 1441 est
446 1399 575 1442 intus.

141 1456 403 1514 Alternis,
435 1459 651 1514 utrisque,
681 1457 784 1501 hino
815 1460 860 1501 et
890 1457 1008 1514 inde,
1038 1457 1110 1500 uel
1143 1472 1195 1500 ex
1226 1457 1422 1514 utrisque
1453 1457 1635 1501 uicibus.

239 1629 255 1660 1
283 1624 478 1667 Antistant
499 1623 548 1658 P:
575 1622 780 1659 Antestant
799 1622 833 1658 G
930 1626 951 1659 5
977 1621 1095 1658 filium
1120 1632 1186 1656 nos
1210 1621 1439 1666 scripsimus:
1490 1635 1598 1659 suum
1630 1624 1680 1661 G:

141 1684 208 1708 om
232 1672 269 1707 P
369 1677 390 1708 6
424 1669 629 1717 longinqua
651 1671 701 1706 P.
733 1670 940 1717 longinquo
960 1670 1046 1713 bar,
1065 1668 1310 1715 longinquum
1327 1680 1346 1704 υ
1376 1671 1382 1715 Ι
1410 1671 1687 1708 transmittitH

190 1724 210 1756 7
237 1719 429 1756 Artissime
460 1719 584 1755 vaa·
618 1719 649 1753 A
652 1717 818 1764 ptissime
840 1718 884 1762 0,
910 1697 1110 1754 Abtissime
1136 1715 1250 1753 Hbva
1282 1718 1287 1760 Ι
1324 1717 1511 1754 commisit
1530 1719 1581 1755 G.
1607 1731 1683 1765 quo

141 1778 216 1803 non
241 1768 291 1804 sit
317 1767 354 1803 P
449 1771 470 1803 8
497 1766 671 1802 dicuntur
689 1777 756 1802 om.
779 1765 811 1802 0
904 1770 925 1801 9
950 1764 1245 1802 Aueruncassint
1262 1764 1317 1801 R:
1344 1766 1508 1802 Auerum
1529 1767 1622 1804 casis
1642 1767 1682 1813 0,

143 1816 243 1851 Auer
261 1826 342 1851 rum
362 1814 476 1851 cassis
495 1814 548 1859 H,
561 1812 846 1850 Auerruncassit
864 1814 898 1850 G
926 1817 931 1855 Ι
959 1811 1160 1849 auellerint
1178 1812 1272 1848 HR.
1299 1813 1493 1849 auellerim
1515 1813 1554 1858 C,
1579 1815 1682 1851 auel-

143 1862 230 1899 lerit
254 1863 289 1899 G
349 1861 556 1899 auerterint
580 1861 634 1897 R·
668 1860 869 1898 auerterim
901 1860 988 1907 GH,
1015 1859 1196 1897 auerterit
1221 1860 1255 1896 G
1373 1865 1415 1896 12
1442 1842 1555 1897 adimi
1557 1863 1683 1908 genda.

143 1914 176 1946 et
214 1915 256 1946 13
288 1922 311 1947 a
338 1911 450 1957 rupta
486 1913 518 1946 et
557 1911 688 1955 aperta
719 1920 785 1946 om.
820 1909 851 1944 Ο
995 1912 1061 1944 15
1100 1907 1254 1943 Auci-‚rix
1281 1908 1375 1962 ‚Hm
1407 1908 1540 1945 Autrix
1557 1874 1678 1954 ngl

143 1958 283 1994 dictum
303 1958 338 1994 G
436 1962 479 1994 19
506 1959 562 1993 est
581 1968 647 1994 om.
668 1956 705 1992 R
801 1961 847 1993 20
871 1955 972 1992 intus
991 1956 1041 1993 H.
1069 1967 1113 1992 ex
1137 1967 1254 2001 supra
1279 1955 1317 1991 in
1341 1967 1428 1992 scra
1454 1957 1616 1994 exterius
1635 1958 1682 2003 G,

144 2008 250 2042 extra
274 2006 311 2041 R
332 2008 337 2051 Ι
366 2009 398 2041 et
423 2017 494 2042 om.
520 2004 557 2040 R
654 2009 696 2040 21
724 2003 894 2050 utrisque
921 2004 972 2039 P:
998 2003 1193 2064 utriusque
1219 2003 1253 2039 G

239 2080 262 2112 4
286 2076 506 2123 amandata]
538 2076 584 2121 cf.
611 2075 716 2111 Seru.
741 2075 834 2111 Aen.
860 2080 881 2110 3
885 2079 953 2119 ,.50
1089 2079 1109 2111 7
1135 2056 1321 2111 artissime
1347 2075 1551 2123 commisit]
1582 2077 1680 2113 Non.

145 2128 225 2168 248,
228 2130 285 2160 21.
313 2123 567 2168 Οοωωίὶιειῃο
586 2123 821 2169 coniungere,
847 2122 1002 2159 sociare.
1051 2123 1095 2158 de
1125 2121 1370 2158 commissura
1395 2134 1430 2158 u.
1458 2124 1562 2159 Seru.
1589 2125 1681 2162 Aen

145 2173 383 2216 9,675.Ῑ81”ἀ.
426 2151 574 2216 19,19,8’.
743 2174 764 2207 9
791 2170 1108 2217 auerruncassint]
1140 2169 1247 2210 Varr.
1274 2170 1318 2206 L.
1339 2170 1384 2205 L.
1406 2175 1520 2214 7,102.
1570 2173 1682 2219 Apud

143 2219 364 2257 Pacuuium:
394 2219 456 2255 ‘Di
482 2218 669 2255 monerint
693 2218 849 2255 meliora
879 2219 992 2264 atque
1024 2217 1229 2254 amentiam
1254 2219 1590 2255 Auerruncassint’.
1634 2221 1683 2257 ab

144 2267 348 2304 auertendo
373 2277 634 2310 auerruncare,
668 2266 710 2303 ut
735 2266 844 2311 deus,
870 2266 936 2312 qui
963 2266 1002 2301 in
1029 2264 1082 2301 eis
1107 2265 1218 2302 rebus
1241 2267 1408 2311 praeest,
1434 2266 1681 2304 Auerruncus.

143 2314 271 2361 itaque
292 2315 340 2351 ab
359 2326 403 2352 eo
422 2314 565 2362 precari
583 2294 715 2358 solent,
735 2316 778 2350 ut
823 2313 964 2350 ericula.
982 2313 1141 2350 auertat.
1154 2313 1254 2349 Non.
1276 2316 1332 2358 74,
1335 2317 1392 2349 20.
1412 2313 1682 2361 Auen-uacare,

143 2364 323 2399 auertere.
438 2366 482 2399 10
502 2361 686 2408 allegans]
714 2374 750 2397 u.
777 2373 800 2398 a.
831 2372 942 2416 egare
961 2361 1103 2415 passim
1128 2361 1231 2407 apud
1258 2341 1437 2397 Plciutum
1554 2367 1593 2398 ll
1617 2375 1681 2399 an-

143 2410 291 2466 quirens
335 2410 434 2447 cht.
462 2411 572 2446 Paul
599 2413 656 2454 22,
660 2414 692 2446 7.
730 2408 938 2456 Anquirere
969 2409 1026 2445 est
1050 2407 1189 2444 circum
1215 2419 1404 2453 quaerere.
1548 2415 1589 2446 12
1616 2412 1680 2447 ad-

143 2457 284 2494 sciscon
312 2459 351 2506 a]
378 2459 424 2503 cs.
451 2457 623 2494 Adsciuit
643 2461 742 2503 p.1.
847 2461 891 2494 16
917 2467 1002 2495 aere
1027 2455 1163 2502 uitam]
1195 2456 1361 2492 Kochius
1398 2457 1439 2492 in
1469 2457 1537 2493 hae
1560 2459 1682 2504 ylossa

143 2516 271 2542 uersus
306 2506 507 2552 septenarii
540 2508 683 2551 partem.
718 2515 901 2550 superesse
933 2504 1112 2540 intellexit
1146 2515 1182 2539 u.
1221 2503 1292 2540 Rh.
1333 2504 1434 2540 Mus.
1474 2509 1530 2549 26,
1534 2509 1613 2541 553.

147 2556 190 2587 15
214 2553 376 2617 auctrix]
405 2554 532 2590 Plaut.
557 2553 590 2588 2
589 2564 662 2588 rm
685 2556 701 2587 1
707 2557 752 2598 ,2,
756 2557 812 2589 70.
832 2551 937 2588 Sem.
964 2551 1056 2588 Aen.
1084 2555 1139 2596 12,
1144 2555 1222 2587 159.
1274 2551 1366 2587 Tale
1391 2553 1450 2588 est
1474 2553 1513 2588 et
1540 2553 1616 2589 ‘hic
1642 2557 1681 2590 et

144 2599 252 2635 haec'
280 2601 421 2645 auctor,
447 2601 513 2637 sed
537 2601 626 2636 tunc
653 2611 736 2636 cum
762 2600 811 2637 ab
836 2599 1061 2636 auctoritate
1086 2598 1291 2643 descendit,
1316 2599 1360 2634 ut
1384 2599 1456 2635 hoc
1482 2600 1575 2637 loco.
1595 2613 1678 2638 cum

143 2648 270 2683 autem
296 2647 400 2684 uenit
422 2648 471 2685 ab
496 2659 557 2692 eo,
583 2647 683 2694 quod
709 2647 804 2685 est‘
808 2647 959 2694 augeo’,
990 2649 1030 2684 et
1054 2648 1185 2683 auctor
1209 2647 1249 2683 et
1272 2646 1418 2682 auctrix
1448 2647 1550 2693 facit,
1582 2651 1625 2685 ut
1649 2650 1678 2685 si

116 2694 248 2730 'dicas
287 2694 433 2732 ‘auctor
462 2695 695 2732 diuitiarum’
730 2695 791 2731 uel
830 2674 990 2732 ‘auctrix
1014 2693 1258 2741 patrimonii'.
1303 2695 1348 2738 ct‘.
1381 2697 1414 2730 et
1439 2694 1538 2731 lest.
1567 2697 1678 2733 Paul.

145 2746 237 2786 291.
275 2742 416 2778 Charis.
447 2743 476 2779 Ι.
508 2746 624 2787 44,18.
656 2743 705 2779 Κ.
740 2743 850 2779 Pr.ob
886 2742 989 2779 Cam.
1022 2746 1078 2786 12,
1082 2746 1138 2778 28.
1170 2742 1219 2778 K.
1258 2745 1290 2777 et
1325 2742 1421 2777 Inst.
1456 2746 1595 2787 128,17.
1628 2744 1678 2781 K.

146 2790 259 2826 Phoc.
282 2793 420 2834 1695,4.
443 2790 487 2825 P.
516 2790 634 2827 Prisc.
654 2790 699 2826 V.
722 2794 800 2834 154,
804 2794 859 2826 24.
886 2790 936 2826 Κ.
1037 2794 1078 2825 17
1106 2788 1308 2845 aerarium]
1336 2788 1444 2825 Varr.
1453 2790 1497 2825 L.
1507 2791 1551 2825 L.
1561 2795 1677 2835 5,183.

145 2837 245 2873 Foet.
267 2837 377 2873 Paul.
398 2841 467 2882 2,6.
481 2837 584 2873 Seru.
605 2837 733 2884 (ἕσσω.
754 2842 869 2882 2,602.
884 2838 977 2873 Aen.
992 2836 1355 2882 8,319.Isid.15,5,3.
1441 2842 1484 2872 21
1506 2837 1676 2887 alternis]

145 2884 197 2968 effi
210 2885 387 2970 alteixliwag·
404 2884 553 2920 arbores
571 2896 631 2931 ap.
653 2885 780 2922 Ρῑαιιε.
809 2885 913 2922 Trin.
941 2888 1092 2931 2,4.138
1118 2887 1151 2922 et
1176 2883 1280 2922 Seru.
1307 2865 1399 2922 'Am
1425 2889 1543 2931 3,.423
1568 2885 1676 2925 Luct,

197 2943 241 2969 ac
415 2936 530 2978 1,410.
