1898 3294
885 167 1145 207 -4-

251 271 509 326 Analogia
542 273 609 312 est
640 271 795 313 uitium
825 270 896 313 uel
927 270 1140 326 rectitudo
1173 270 1355 314 alicuius
1386 271 1520 313 uerbi.

250 331 553 385 Acipenser,
585 343 720 385 genus
752 330 884 385 piscis
918 333 983 372 est
1014 344 1111 372 raro
1144 329 1367 372 inuentum
1398 330 1442 371 id
1473 332 1540 372 est
1570 330 1728 374 nobile.

250 390 461 445 Asylum
499 403 650 444 graece
676 389 898 444 templum,
925 389 979 431 ad
1012 389 1124 444 quod
1150 389 1187 430 si
1224 389 1319 444 quis
1346 388 1636 444 confugiebat,
1654 388 1776 432 nefas

309 451 403 490 erat
434 448 622 503 extrahi,
653 448 696 490 id
727 451 794 490 est
825 463 851 490 a
881 463 968 490 non
999 447 1262 490 detrahendo
1295 448 1493 503 spolium.

215 519 231 544 ⁵
251 507 474 563 Aporria
505 520 708 562 graecum
733 522 890 550 nomen
915 510 991 550 est.
1029 510 1095 549 est
1115 510 1258 549 autem
1279 507 1455 549 affluxio
1475 507 1545 549 uel
1565 507 1776 550 deriuatio

307 566 377 609 uel
414 565 553 608 faeces
592 566 661 608 uel
698 566 907 622 reliquiae
945 581 995 609 ac
1038 566 1184 609 sordes
1225 566 1553 621 elementorum,
1591 581 1700 622 quae
1732 567 1778 609 in

311 640 407 668 aere
439 628 692 681 purgantur.
733 626 845 668 unde
866 626 1102 682 gignuntur
1133 626 1179 667 in
1208 628 1326 668 terra
1357 626 1528 668 diuersa
1559 626 1778 681 animalia,

311 685 506 740 arbores,
538 685 702 739 lapides
736 688 778 727 et
809 685 985 727 herbae.

250 743 446 799 Apage,
478 744 658 786 abscede
691 746 734 785 et
764 744 885 786 uade.

198 815 230 839 10
250 802 428 858 Atqui,
459 803 611 858 immo,
642 803 742 858 etsi,
774 803 859 845 sed.

250 862 427 917 Aiens,
458 862 617 904 dicens.
679 862 742 904 ita
774 862 843 904 aio
876 862 939 904 ais
973 862 1035 904 ait
1066 861 1343 917 participium
1375 861 1494 904 facit.

250 921 453 975 Ano-ile,
497 923 683 975 scutum,
729 921 840 976 quod
880 921 985 963 olim
1028 921 1141 975 apud
1183 921 1403 964 Romanos
1445 921 1563 963 caelo
1608 921 1777 977 lapsum

308 981 480 1034 dicitur,
519 980 597 1022 sub
636 980 797 1036 Numa,
834 994 936 1035 rege
967 980 1281 1035 Romanorum,
1319 981 1448 1022 breue
1487 981 1702 1036 quoddam
1733 985 1777 1024 et

308 1039 494 1095 undique
532 1039 774 1082 rotundum.
847 1040 957 1082 unde
1002 1040 1148 1081 omnia
1199 1040 1368 1082 minora
1415 1044 1537 1082 scuta
1583 1041 1778 1082 ancilia

198 1110 230 1135 15
310 1099 523 1141 dicuntur.

249 1157 546 1213 Aspellens,
579 1159 806 1214 expellens.

249 1217 289 1259 A
298 1232 341 1259 m
349 1218 364 1259 i
372 1232 393 1259 c
406 1218 447 1259 it
455 1232 477 1259 e
486 1233 525 1272 r,
558 1218 859 1260 amicabiliter.

250 1276 613 1332 Adsultantes,
646 1277 907 1319 adsilientes.

250 1335 563 1391 Accipstres,
595 1351 726 1391 equos
759 1336 932 1378 celeres.

195 1407 229 1431 20
249 1394 527 1450 Abdomen,
558 1395 775 1450 pinguedo
809 1395 1012 1438 carnium.

249 1454 399 1510 Aeae,
432 1455 688 1497 interiectio.

248 1513 458 1569 Amoue,
488 1528 672 1556 remoue.

250 1572 478 1627 Artemo,
510 1576 640 1615 temo.

249 1631 650 1688 Aristophanes,
681 1647 838 1675 nomen
870 1635 1035 1688 poetae.

347 1836 363 1866 1
391 1831 524 1867 uitium
551 1831 604 1867 R:
638 1831 788 1867 initium
815 1832 920 1867 CHG
1016 1836 1037 1868 2
1063 1832 1287 1878 Accipenser
1310 1831 1347 1866 R
1442 1835 1464 1866 4
1489 1831 1588 1867 trahi
1612 1832 1709 1867 libri.
1734 1833 1776 1867 in

249 1891 272 1914 a
292 1890 335 1914 ex
354 1890 433 1924 sup.
460 1890 526 1915 ser.
551 1887 555 1924 ι
577 1891 600 1914 a
627 1880 678 1914 P:
705 1891 771 1915 om.
793 1879 826 1914 G
848 1882 852 1924 1
875 1891 948 1915 non
967 1890 1034 1915 mn.
1057 1880 1101 1914 P.
1122 1879 1352 1916 detrahendo
1371 1890 1453 1914 nos:
1480 1879 1662 1915 trahendo
1688 1880 1776 1915 libri

296 1930 316 1960 5
344 1928 476 1972 Apona
502 1926 533 1961 (J
561 1930 565 1971 Ι
594 1927 652 1962 est
683 1937 750 1962 om.
788 1927 825 1962 R
857 1927 863 1974 1
894 1926 1076 1963 deriuatio
1117 1939 1154 1963 r:
1186 1926 1367 1962 direuatio
1394 1927 1452 1969 H,
1494 1925 1670 1964 diriuatio
1702 1926 1774 1962 RG

297 1978 318 2008 6
343 1974 479 2020 reliqui
503 1974 628 2010 sordes
654 1974 709 2018 bv,
734 1974 900 2020 reliquae
925 1975 1052 2010 sordes
1077 1986 1168 2010 amw
1199 1976 1204 2019 Ι
1231 1974 1342 2020 quae]
1369 1974 1456 2019 quia
1481 1974 1512 2008 C
1599 1978 1620 2009 8
1639 1975 1776 2010 herbae

251 2021 302 2056 P:
330 2021 445 2057 herba
469 2022 548 2066 Ima,
574 2021 643 2067 rlq.
670 2033 709 2057 cr
806 2026 826 2057 9
852 2023 983 2068 Apage
1008 2023 1046 2057 te
1074 2022 1217 2068 Papias
1268 2026 1310 2056 10
1341 2021 1458 2066 Atqui
1485 2021 1536 2056 P:
1567 2021 1717 2067 Adquid
1742 2021 1776 2057 G

252 2070 255 2115 Ι
284 2069 346 2104 sed
375 2069 426 2104 P:
453 2069 503 2104 sit
528 2069 561 2104 G
659 2073 700 2104 11
727 2069 783 2104 ita
804 2080 848 2114 p:
874 2071 917 2105 ut
943 2070 989 2112 P,
1013 2080 1079 2105 om.
1107 2070 1176 2105 bva
1196 2069 1202 2116 1
1223 2069 1316 2105 facit
1340 2069 1432 2104 GH:
1457 2068 1548 2104 fecit
1569 2068 1728 2104 RHm.2.
1750 2082 1751 2085 ¹

250 2120 293 2150 13
319 2116 514 2151 dicebatur
538 2116 572 2151 G
605 2118 611 2162 Ι
645 2117 833 2162 quoddam
859 2129 897 2153 a:
934 2116 1084 2162 quidem
1118 2116 1188 2152 PG
1332 2120 1375 2151 17
1408 2115 1615 2152 amicaliter
1647 2117 1729 2153 bam

250 2167 293 2198 18
319 2163 559 2200 Adsultantes
583 2165 725 2209 scripsi.
751 2165 797 2208 cf.
823 2166 1056 2208 Attrectant,
1083 2164 1286 2210 Captabat,
1307 2164 1505 2199 Resultant
1529 2167 1609 2199 eta:
1641 2163 1775 2199 Adsul-

247 2212 370 2246 tentes
383 2211 435 2256 H,
450 2212 672 2247 Adsulentes
688 2211 754 2246 GR
820 2216 865 2247 20
887 2211 1080 2247 Abdomen
1093 2222 1224 2257 graece
1239 2211 1273 2246 G-
1294 2213 1299 2257 Ι
1321 2211 1509 2257 pinguedo
1522 2210 1601 2246 ΗΜ·
1615 2211 1776 2256 Papias:

247 2258 426 2303 pinguido
452 2259 529 2303 Hb,
554 2259 752 2304 pingitudo
782 2270 818 2293 m
914 2263 957 2294 21
985 2260 1085 2294 Aeae
1110 2260 1184 2294 bm·
1209 2260 1275 2294 Ae-
1281 2269 1325 2294 ae
1350 2269 1382 2303 v,
1408 2259 1462 2293 Ae
1488 2269 1532 2294 ae
1556 2270 1590 2303 a,
1615 2259 1696 2294 Aeu
1722 2260 1779 2293 est

248 2305 295 2349 R,
316 2306 372 2340 Eu
393 2308 449 2341 est
468 2307 512 2340 H
610 2311 655 2342 24
681 2306 965 2352 Aristophanes]
990 2308 1146 2351 ylossam
1164 2317 1230 2342 om.
1253 2307 1341 2342 Mai

347 2358 363 2387 1
391 2354 580 2400 analogia]
607 2354 799 2398 1502·an
823 2355 954 2399 quibus
979 2366 1003 2389 a
1026 2355 1274 2399 yrammatieis
1298 2355 1342 2389 de
1366 2353 1540 2398 analoqia
1564 2353 1777 2397 disputatur

248 2400 379 2442 (Varr.
406 2401 450 2435 L
463 2401 508 2437 L
523 2405 615 2446 8,2.3
649 2401 738 2436 Gell.
766 2405 895 2446 2,,.252
926 2402 1015 2437 ibid.
1051 2406 1177 2447 159,.4
1211 2402 1321 2436 Proh.
1353 2402 1439 2436 inst.
1464 2404 1522 2443 47,
1525 2404 1581 2435 22.
1602 2400 1650 2435 Κ.
1671 2400 1774 2435 Sem.

248 2449 290 2482 in
308 2448 405 2483 Don.
427 2431 567 2491 435‚15'.
583 2449 724 2484 Chai-2⁰3.
744 2449 772 2483 I.
794 2453 932 2492 116,30.
952 2449 1002 2484 K.
1023 2449 1145 2484 Diom.
1165 2450 1209 2485 11.
1225 2452 1341 2492 456‚4.
1362 2448 1412 2483 K.
1428 2448 1522 2483 Isid.
1539 2452 1664 2491 1,28,1.
1685 2451 1776 2492 eta),

248 2496 362 2530 uerba
382 2496 534 2531 Placidi
563 2507 639 2532 ‘non
671 2497 919 2532 illustrantem
1064 2501 1084 2531 2
1112 2496 1320 2543 acipenser]
1347 2495 1514 2530 Macrob.
1541 2494 1619 2530 Sat.
1647 2498 1776 2538 3,16,4.

248 2543 468 2588 Acipenser
500 2544 565 2590 qui
598 2544 796 2580 admodum
828 2555 912 2580 raro
943 2543 1105 2590 capitur,
1137 2544 1201 2579 sed
1233 2545 1290 2579 est
1319 2543 1447 2589 piscis,
1478 2544 1521 2578 ut
1552 2542 1690 2587 ferunt,
1722 2542 1776 2577 in—

248 2590 378 2635 primis
404 2590 550 2627 nobilis.
577 2592 622 2635 ef.
649 2591 747 2626 Fest.
776 2592 886 2627 Paul.
913 2596 1029 2635 22,13.
1058 2592 1159 2626 Plin.
1185 2591 1235 2626 N.
1247 2591 1297 2626 H.
1323 2595 1344 2625 9
1365 2593 1384 2632 ξ
1405 2594 1460 2625 60.
1486 2590 1585 2624 Non.
1612 2593 1751 2632 550,17.

249 2642 270 2672 3
298 2638 457 2684 asylum]
477 2639 563 2674 Liu.
583 2642 641 2682 35,
645 2643 701 2674 51.
722 2639 824 2674 Seru.
845 2643 878 2684 2,
882 2643 961 2674 761.
983 2643 1016 2681 8,
1019 2643 1098 2674 342.
1119 2642 1199 2673 635.
1285 2642 1306 2673 5
1332 2637 1494 2683 aporria]
1517 2654 1561 2666 =
1576 2633 1776 2683 ἄπόρὅια.

249 2685 311 2720 lib.
335 2686 441 2731 91033.
467 2686 682 2732 Aporria,
711 2687 864 2731 uulnus,
889 2687 1035 2731 planta,
1060 2686 1175 2721 uleus.
1317 2690 1360 2720 10
1385 2685 1507 2730 atqui]
1537 2685 1662 2720 Plaut.
1687 2684 1776 2719 Aul.

249 2737 353 2776 2,4,8.
379 2736 441 2768 etc.
541 2737 583 2768 12
609 2733 744 2779 ancile]
785 2733 945 2770 Varr.L.
956 2733 1001 2769 L.
1018 2737 1107 2777 7,43.
1134 2733 1234 2768 Fest.
1263 2733 1373 2767 Paul.
1408 2736 1522 2774 131,7.
1553 2732 1657 2767 Seru.
1682 2731 1774 2766 Ae‘n.

250 2784 364 2823 7,]88.
397 2785 514 2826 8,664.
546 2782 639 2817 Isid.
667 2785 818 2824 18,12,3.
964 2785 1006 2816 16
1038 2780 1241 2826 aspellens]
1272 2791 1309 2815 a.
1341 2779 1521 2825 aspellere
1545 2779 1692 2824 saepius
1715 2789 1775 2823 ap.

250 2828 390 2871 Plaut„
415 2832 457 2863 ut
473 2828 575 2864 Tria.
591 2833 718 2872 3,2,46.
795 2833 837 2864 17
859 2828 1044 2875 amiciter]
1073 2829 1199 2863 Plaut.
1216 2829 1316 2864 Pers.
1331 2831 1434 2871 2,3,3.
1461 2827 1505 2871 cf.
1518 2827 1615 2862 Non.
1636 2829 1775 2868 510,22.

252 2876 370 2911 Prisc.
392 2875 459 2911 XV
481 2879 595 2919 70,20.
621 2877 670 2911 K.
769 2881 814 2911 20
834 2877 1033 2922 abdomen]
1062 2877 1188 2911 Plaat.
1210 2876 1315 2912 Cure.
1335 2879 1462 2921 2,3,44.
1548 2877 1591 2909 22
1617 2873 1775 2920 Amoue]

251 2925 378 2959 Plaut.
407 2924 511 2959 Trin.
537 2929 664 2970 3,3,7Ο.
