1898 3294
756 220 791 224 -·
873 207 956 238 xln

146 306 287 358 broJms·
318 307 397 346 etc.
435 302 488 346 ad
520 302 644 345 Ouid.
664 307 764 345 met.
787 302 825 357 7,
850 303 943 345 176.
976 302 1042 345 uel
1077 302 1259 351 14485.
1291 301 1559 344 referendum
1581 305 1685 357 puto

146 373 372 430 ‘cladibus-3⁹,
403 374 457 417 ad
482 373 615 417 eiusd.
646 375 726 416 art.
758 376 888 416 amat.
919 373 959 427 3,
983 373 1077 415 105.
1110 370 1300 427 ‘faciem’,
1332 372 1384 415 ad
1419 371 1528 416 Stat.
1549 371 1685 416 Theb.

149 446 188 499 7,
218 446 321 489 712:
354 444 521 500 ‘falcato
560 443 714 486 curru’.
767 458 875 499 quae
913 444 993 487 sub
1032 442 1066 487 C
1104 444 1167 486 lit.
1211 443 1432 499 leguntur:
1482 444 1686 499 l'ypruS,

146 516 371 572 zimphu-m,
408 517 454 558 in
489 515 736 570 amsii-ione
774 515 944 569 leqimus
980 515 1131 558 cantici
1170 515 1442 569 canticorum,
1486 516 1595 569 quod
1629 520 1686 558 est

148 586 293 643 tenooez
324 586 377 630 ad
399 586 425 630 1.
445 601 479 629 c.
498 586 538 641 4,
557 586 597 640 4,
622 585 688 628 14.
708 586 924 640 pertinere
944 589 1136 642 apparet.
1174 600 1252 628 uec
1285 585 1442 628 desunt
1473 587 1685 630 uocabula

147 643 352 715 antiquae
384 657 507 714 quasi
539 660 687 711 notae,
720 661 767 699 ut
800 656 962 712 ‘capsit,
993 671 1130 712 capso,
1161 658 1345 707 citarier,
1376 658 1549 713 depcrit,
1579 660 1685 710 escit,

145 728 396 782 hariolorum
431 728 699 783 ientamlum,
735 729 931 784 neminis,
969 727 1245 784 noctipuyam’
1284 731 1362 771 etc.
1409 743 1518 784 quae
1557 730 1593 773 si
1632 731 1685 774 ad

147 800 352 843 Plautum
390 800 459 842 uel
500 799 552 842 ad
590 799 724 842 alium
762 800 974 856 quendam
1013 803 1235 843 auctorem
1274 803 1464 843 ueterem
1508 802 1685 857 referas,

147 872 432 928 principalem
451 885 681 913 numerum
701 871 1016 926 glossematum
1047 871 1262 928 paulatim
1294 872 1340 914 in
1373 872 1498 915 libris
1520 872 1683 917 Placidi

146 943 423 986 imminutum
443 956 549 997 esse,
580 942 747 985 codices
768 946 925 998 autem,
957 958 1063 999 quos
1090 945 1288 986 auctores
1309 943 1513 999 glossarii
1534 946 1683 1000 magni

146 1013 454 1068 adhibuerunt,
486 1014 712 1070 aliquanto
752 1014 1018 1070 copiosiores
1056 1014 1189 1057 fuisse
1228 1015 1563 1057 existimandum
1604 1020 1682 1059 est.

147 1084 185 1126 si
216 1087 362 1127 autem
389 1084 536 1127 omnia
563 1085 807 1140 glossarum
833 1085 1128 1128 additamenta
1154 1087 1395 1142 generatim
1429 1087 1685 1142 consideres,

147 1170 221 1198 eas
253 1170 347 1198 esse
387 1156 700 1211 explicationes
738 1171 893 1199 uocum
930 1157 1172 1212 priscarum
1205 1161 1248 1199 et
1281 1154 1543 1214 antiquitate
1575 1160 1683 1202 obli-

145 1230 383 1270 teratarum
421 1228 494 1270 uix
531 1227 708 1283 dixeris,
746 1228 952 1284 pleraque
991 1229 1105 1271 enim
1144 1229 1376 1272 tritissima
1409 1233 1454 1272 et
1485 1230 1684 1286 uulgaria

147 1301 191 1340 et
221 1299 400 1354 indigna.
433 1301 550 1354 sunt,
588 1314 698 1355 quae
730 1300 776 1342 in
812 1300 1002 1342 medium
1034 1300 1321 1355 proferantur.
1377 1300 1485 1343 haec
1516 1300 1683 1344 Maius

147 1370 347 1425 uulgauit
379 1370 425 1411 in
462 1369 600 1413 Class.
632 1370 684 1413 A.
715 1374 746 1413 t.
777 1370 841 1413 VI
873 1386 914 1426 p.
939 1371 1193 1426 554—574‚
1231 1371 1306 1414 ubi
1338 1375 1487 1414 tamen
1521 1373 1683 1415 multae

147 1440 320 1496 glossae
340 1440 519 1484 Placido
539 1441 651 1484 falso
672 1442 928 1498 adscriptae,
960 1442 1070 1485 aliae
1091 1457 1200 1499 quae
1221 1443 1266 1485 in
1280 1444 1435 1486 ceteris
1456 1444 1683 1499 glossariis

147 1511 189 1554 ei
220 1511 490 1567 tribuuntur,
522 1512 710 1555 omissae
743 1516 861 1568 sunt,
898 1514 1112 1569 plurimae
1145 1517 1374 1569 corruptae
1406 1515 1624 1571 leguntur.

265 1582 360 1625 Iam
393 1584 684 1639 quaerendum
711 1587 790 1640 est,
821 1600 923 1627 num
955 1585 1022 1627 illi
1055 1585 1153 1640 loci,
1185 1586 1257 1641 qui
1289 1588 1461 1628 tantum
1493 1587 1538 1628 in
1570 1587 1683 1642 glos-

146 1654 274 1696 sariis
294 1654 471 1697 Placido
505 1655 824 1711 adscribuntur,
855 1657 910 1699 ab
943 1671 994 1699 eo
1027 1657 1258 1712 compositi
1290 1672 1385 1699 esse
1417 1658 1510 1700 iure
1542 1658 1683 1701 dican-

147 1728 229 1768 tur.
279 1741 365 1781 qua
402 1726 447 1768 in
483 1741 530 1768 re
568 1726 677 1769 illud
720 1720 847 1769 n'obis
891 1728 1253 1783 praesumendum
1297 1729 1485 1783 uidetur,
1536 1745 1683 1773 eorum

148 1797 316 1852 aliquos
369 1797 490 1839 illius
533 1812 692 1840 nomen
735 1797 848 1840 falso
892 1798 1014 1841 ferre.
1072 1814 1173 1841 nam
1217 1802 1267 1842 ut
1309 1801 1528 1843 nonnullis
1567 1802 1682 1844 ueris

75 1860 83 1867 ¹
147 1866 315 1910 Placidi
335 1868 494 1923 glossis
515 1868 656 1911 aliena
675 1869 854 1911 nomina
871 1869 1010 1912 indita
1036 1873 1149 1925 sunt,
1179 1871 1301 1913 uelut
1319 1871 1498 1926 Virgilii
1524 1887 1683 1916 nomen

148 1938 215 1980 his
248 1939 407 1994 glossis
447 1938 586 1994 ‘aeque
621 1941 781 1991 uident,
819 1941 1061 1994 anquirens,
1102 1945 1333 1998 centuriam,
1370 1945 1683 1999 comptissimus,

146 2022 286 2061 eccere,
316 2010 515 2064 efflictim,
546 2025 674 2067 eram,
704 2012 928 2065 fimbrium,
966 2012 1084 2066 ibus’,
1116 2012 1275 2056 Isidori
1312 2014 1382 2056 his
1423 2014 1682 2070 ‘aizspiciuna

147 2082 301 2132 carisa,
331 2083 590 2138 emissarius,
630 2079 795 2134 exerat,
815 2084 1054 2135 ianuarias,
1092 2085 1367 2140 inclamitari,
1399 2086 1523 2137 latro,
1556 2087 1680 2129 linia-

146 2152 312 2207 menta’,
349 2152 552 2196 Eucherii
589 2154 690 2197 huic
728 2155 901 2211 glossae
940 2153 1111 2209 ‘mitra’,
1156 2155 1218 2198 sic
1255 2156 1358 2198 item
1398 2158 1544 2211 potuit
1576 2158 1683 2212 fieri,

146 2226 194 2266 ut
239 2238 383 2266 errore
428 2225 667 2268 scribarum
712 2226 969 2281 quibusdam
1014 2226 1120 2268 locis
1164 2241 1320 2269 nomen
1360 2226 1527 2270 Placidi
1570 2228 1681 2272 falso

146 2298 494 2349 praeponeretur.
538 2297 727 2352 plurima
759 2297 1045 2340 autem'uitia
1075 2297 1175 2340 hinc
1207 2301 1312 2341 nata
1343 2313 1436 2341 esse
1469 2299 1684 2343 uidemus:

146 2366 286 2421 primo
327 2366 442 2408 enim
479 2367 587 2410 haec
625 2368 870 2424 glossarum
914 2369 1200 2424 praescriptio
1239 2370 1420 2417 uidetur.
1447 2370 1583 2413 fuisse
1622 2371 1686 2415 ‘dc

141 2437 288 2491 ylossis
330 2437 526 2493 Placidi',
570 2441 722 2494 postea
766 2439 1019 2495 compendio
1058 2440 1174 2483 facto
1211 2441 1281 2484 uel
1320 2441 1382 2484 ‘de
1414 2442 1577 2496 ylossis'
1615 2444 1683 2485 uel

147 2507 356 2551 Placidi&
406 2524 506 2552 nam
540 2510 602 2552 sic
633 2513 805 2553 tantum
837 2511 1117 2566 perspicitur,
1148 2527 1223 2554 cur
1254 2512 1357 2555 illae
1389 2516 1520 2555 notae
1550 2514 1684 2556 toties

148 2579 371 2622 uarientur
409 2584 452 2623 et
490 2581 527 2623 si
566 2595 676 2637 quae
713 2582 888 2637 glossae
926 2582 971 2624 in
1008 2582 1120 2625 libro
1159 2583 1407 2638 glossarum
1438 2584 1684 2640 duplicatae

89 2680 92 2684 -
147 2652 265 2703 sunt,
296 2651 422 2694 alteri
454 2651 517 2694 ‘de
538 2652 700 2707 qlossis'
733 2653 860 2696 alteri
887 2652 1084 2695 ‘Placidi'
1117 2657 1194 2696 aut
1226 2655 1397 2710 utrique
1430 2654 1493 2698 ‘de
1519 2655 1682 2710 ylossis’

146 2721 463 2776 praescriptum
500 2724 569 2766 sit.
620 2724 799 2766 eandem
832 2723 1063 2782 Virgilii*)
1095 2729 1139 2767 et
1171 2724 1327 2768 Isidori
1359 2715 1606 2781 glossarum
1640 2730 1683 2768 et

239 2802 530 2871 ¹'s'l'estixnonio
549 2830 607 2864 est
625 2803 749 2873 glossa
770 2829 923 2865 ‘Finxit
943 2829 1142 2875 composuit
1166 2830 1372 2875 formauit‘,
1400 2842 1496 2875 quae
1522 2842 1607 2866 cum
1633 2831 1681 2866 ad

143 2884 250 2931 Virg.
276 2886 368 2920 Aen.
395 2889 428 2930 2,
450 2889 506 2923 80.
531 2886 582 2922 sit
611 2887 805 2924 referenda
838 2899 957 2935 neque
984 2889 1031 2924 ab
1059 2889 1308 2935 explicatione
1335 2889 1455 2926 Seruii
1482 2889 1683 2936 discrepet,

143 2943 178 2979 ei
204 2944 243 2980 in
267 2944 364 2981 libro
389 2945 598 2990 glossarum
623 2947 713 2982 nota
740 2947 799 2982 ‘de
821 2947 964 2992 glossis’
993 2947 1122 2984 addita
1147 2950 1213 2984 est.
