1898 3294
775 163 1059 207 -55-

99 320 101 323 ,
146 269 429 315 Intendere
475 271 657 324 [autem]
710 270 850 314 multa
899 270 1071 327 quidem
1115 271 1346 327 significat.
1413 272 1688 315 intendere

207 330 436 385 obducere,
475 344 682 373 coronare
721 330 789 373 uel
837 330 993 386 ligare,
1032 334 1081 374 ut
1118 330 1350 387 Virgilius:
1402 331 1687 389 ‘intenditque

206 389 350 434 locum
385 388 542 433 sertis’.
588 389 692 433 item
714 389 981 432 intendere
1003 389 1171 433 minari.
1209 390 1461 436 Sallustius:
1494 391 1686 435 ‘manum

205 449 253 494 in
288 464 337 492 os
375 448 630 493 intendens’.
685 449 924 492 Intendit
973 449 1227 493 criminator
1278 454 1354 493 aut
1394 451 1569 494 caedem
1610 455 1687 494 aut

102 511 130 562 ἰ
206 508 420 553 iniuriam.
471 507 648 551 difficile
681 509 826 551 tamen
858 507 902 551 in
935 508 1049 552 bono
1083 511 1162 552 est.

118 568 127 581 ‘⁷
130 566 318 623 quat,
348 567 554 621 delectat,
584 567 773 623 prodest.

119 625 444 682 lacessunt,
474 629 690 670 accusant.

142 684 425 748 Impunita,
457 701 582 742 quae·
592 701 776 742 poenam
796 686 953 741 euasit,
986 686 1027 729 id
1061 690 1128 753 est
1160 702 1268 743 quae
1301 688 1454 743 punita
1485 703 1573 731 non
1605 692 1683 731 est.

55 790 58 791 γ
130 739 375 801 *I-ndoleffi
406 746 614 789 nobilitas
647 746 831 802 generis.

91 780 457 864 io-rflncubitus
489 805 646 848 dicitur
678 806 732 849 ab
766 805 1051 849 incumbendo
1085 806 1176 849 siue
1209 806 1385 850 iacendo
1418 807 1509 850 siue
1542 807 1685 850 aliena

205 879 232 908 ο
264 865 409 908 tando.

78 973 86 979 ,
143 880 331 981 Inulisi,
362 924 527 968 inimici
559 924 845 968 felicitatibus
878 925 946 967 uel
981 925 1132 968 odiosi.

142 981 371 1040 I'nurere,
411 984 590 1052 infigere
622 987 749 1027 notas
782 984 852 1027 uel
884 984 1076 1040 insignia
1106 985 1175 1028 uel
1208 985 1420 1040 maculas,
1459 988 1507 1028 ut
1539 987 1682 1030 solent

201 1058 334 1100 equos
373 1043 506 1087 uariis
544 1044 682 1100 signis
712 1044 835 1087 ferro
873 1044 1072 1087 candenti
1112 1045 1341 1100 designare
1373 1045 1442 1087 uel
1475 1045 1563 1089 alia
1595 1047 1683 1091 ani-

90 1117 124 1143 15
202 1103 351 1147 malia.
1499 1128 1502 1132 -

141 1161 322 1219 Indep1
334 1179 407 1206 sci
440 1165 507 1206 est
539 1163 702 1219 aliquid
734 1162 923 1219 incipere
955 1166 999 1206 et
1031 1164 1235 1219 perficere
1268 1179 1317 1207 ac
1350 1164 1494 1219 potiri.

139 1221 319 1266 Incola
356 1222 531 1278 dieitur,
568 1222 642 1279 qui
680 1223 871 1279 aliquem
909 1223 1052 1266 locum
1092 1224 1163 1277 [ad
1196 1239 1240 1266 se
1272 1224 1583 1279 pertinentem]
1618 1226 1679 1268 in-

201 1282 320 1326 colit.

141 1339 201 1367 ³¹⁸*
231 1341 324 1385 Pan
363 1357 465 1385 uero
509 1344 593 1396 est,
643 1357 770 1400 quem
810 1342 970 1398 pagani
1014 1342 1140 1385 deum
1178 1343 1328 1386 dicunt
1365 1344 1435 1385 uel
1475 1344 1678 1387 incubum

85 1414 121 1440 ιο
198 1401 434 1458 appellant,
465 1401 654 1457 caprinis
685 1402 886 1458 pedibus,
917 1402 1169 1458 barbatum,
1200 1402 1441 1446 rubicunda
1473 1403 1602 1459 facie,
1634 1405 1678 1447 in

196 1459 349 1504 dextra
378 1461 589 1517 fistulam,
620 1461 665 1503 in
696 1461 822 1504 laeua
855 1461 1025 1518 uirgam
1058 1465 1291 1505 tenentem.
1342 1477 1470 1518 quem
1503 1463 1678 1519 quidam

196 1520 352 1564 uolunt
393 1535 537 1563 rerum
581 1524 625 1564 et
663 1522 799 1564 totius
836 1525 1019 1564 naturae
1057 1522 1203 1578 deum,
1239 1522 1351 1565 unde
1390 1521 1510 1565 Pana
1554 1524 1678 1579 quasi

197 1580 346 1623 omnia
379 1580 615 1636 appellant.

140 1638 351 1694 Inlitus,
382 1640 547 1682 linitus.

8 1744 14 1759 ι
83 1711 118 1737 25
136 1698 380 1742 quenale
429 1699 608 1755 phaOS,
658 1714 827 1755 semper
870 1701 1015 1743 uirens
1067 1703 1110 1743 et
1151 1715 1389 1756 numquam
1445 1715 1672 1744 senescens

196 1758 363 1814 lumen,
395 1762 443 1802 ut
474 1759 511 1801 si
542 1759 594 1801 de
627 1759 718 1802 sole
751 1759 956 1803 dicamus.

138 1817 288 1875 Infit,
319 1817 472 1874 incipit
502 1819 597 1862 fari.

233 2022 250 2054 1
277 2020 405 2055 antem
434 2018 484 2054 P:
511 2030 577 2055 om.
605 2019 639 2054 G
760 2023 780 2055 2
807 2019 991 2065 abducere
1017 2019 1054 2054 R
1169 2024 1189 2055 4
1216 2019 1413 2055 intendens
1440 2020 1491 2055 G:
1518 2020 1674 2056 tendens

140 2066 176 2100 1’
195 2068 200 2111 Ι
223 2065 439 2102 criminator
458 2066 507 2102 G:
533 2066 750 2102 criminatur
772 2067 832 2109 ΡΙ
854 2067 922 2103 aut
934 2067 1086 2104 caedem
1107 2067 1157 2102 G:
1184 2068 1251 2102 aut
1271 2067 1426 2103 caedere
1452 2068 1543 2112 HR,
1563 2078 1630 2103 om.
1647 2068 1679 2104 Ο

136 2119 157 2150 6
182 2113 348 2150 delectat
365 2114 458 2150 libet
477 2114 511 2149 G
585 2118 603 2150 7
626 2115 1084 2160 Incessuntp=1neessant
1105 2126 1191 2160 mnr,
1206 2115 1404 2151 Incensant
1422 2115 1468 2159 R,
1480 2115 1673 2151 Inteneant

135 2162 180 2197 H
196 2163 203 2207 Ι
223 2164 395 2198 recusant
423 2161 459 2195 P
560 2166 604 2197 10
629 2161 836 2209 Ineubitue]
861 2162 1132 2206 sort.1ncubus
1153 2165 1158 2206 Ι
1181 2161 1305 2198 aliena
1330 2163 1380 2198 G:
1415 2144 1538 2199 ali’eno
1568 2163 1604 2198 P

138 2214 178 2245 11
207 2220 255 2255 op
256 2209 372 2246 tando
398 2209 449 2244 R:
475 2209 641 2255 aptando
668 2209 750 2254 CH,
775 2209 957 2256 cupiendo
982 2204 1194 2256 (capiendo)
1220 2209 1255 2246 G
1373 2214 1416 2245 13
1442 2209 1596 2256 infigere
1622 2211 1672 2247 G:

135 2256 302 2303 infligere
331 2256 367 2291 P
391 2258 396 2302 Ι
424 2257 587 2303 iusignia
614 2257 663 2292 P:
696 2257 805 2304 signa
835 2258 869 2293 G
1063 2261 1107 2293 16
1133 2257 1318 2303 Indepisci
1356 2258 1444 2293 Mai
1475 2259 1516 2293 in
1542 2270 1671 2304 τηαν-,,ς]

136 2303 340 2351 lndepiseie
373 2306 430 2340 est
455 2304 506 2349 G,
532 2304 766 2350 Indespicere
794 2305 831 2340 P
1000 2310 1040 2341 17
1068 2305 1115 2341 ad
1141 2316 1179 2340 se
1203 2305 1453 2351 pertinentem
1478 2317 1545 2342 om.
1575 2307 1606 2342 C

138 2356 181 2388 19
206 2351 320 2388 Inuus
350 2363 441 2388 uero
464 2352 544 2388 Pan
575 2354 656 2388 est?
731 2356 775 2388 20
800 2351 917 2398 priuis
944 2352 989 2397 (J,
1016 2352 1178 2398 caprinis
1205 2366 1233 2387 ω
1256 2352 1293 2399 Ι
1283 2365 1320 2388 ιιι
1346 2353 1480 2388 dextra
1508 2354 1671 2390 fistulam

134 2410 202 2435 om.
230 2400 261 2435 C
355 2403 397 2435 21
427 2398 580 2446 quidam
600 2400 644 2435 C:
671 2410 738 2435 om.
759 2413 787 2435 ω
885 2404 930 2436 22
956 2381 1061 2436 P'ana
1079 2400 1132 2435 R:
1159 2400 1298 2446 pagani
1319 2400 1400 2446 CH,
1427 2412 1499 2445 pan
1521 2402 1555 2436 G
1576 2402 1671 2438 Isid.
1733 2411 1739 2418 ·

135 2451 288 2492 8,11‚81.
386 2412 450 2482 24q
457 2447 565 2483 nitus
594 2447 639 2491 P,
665 2447 807 2484 Inlatas
833 2447 867 2483 G
889 2451 893 2491 Ι
915 2447 1046 2483 linitus
1071 2448 1124 2483 R:
1150 2447 1280 2484 linitas
1305 2448 1392 2493 HG,
1419 2447 1551 2484 linitus
1579 2450 1609 2485 C

135 2498 180 2530 25
206 2494 382 2531 Iubenale
411 2495 456 2540 P,
483 2494 684 2531 Iubeneula
709 2495 743 2530 G
765 2498 770 2539 Ι
791 2495 908 2541 phaos
932 2506 1015 2531 nos:
1040 2495 1177 2542 pharos
1203 2496 1291 2531 libri

233 2593 249 2624 1
277 2588 485 2637 intendere]
522 2589 650 2626 Plaut.
684 2590 771 2625 Mil.
804 2594 934 2636 2,4,27
976 2590 1670 2636 1’scud.4‚7,45.lir9.Aen.4,506.

135 2636 234 2672 Non.
268 2640 386 2682 329,,3
423 2637 637 2681 Intendere
675 2638 880 2682 innectere,
918 2638 1077 2684 illigare.
1135 2639 1196 2674 lib
1233 2639 1338 2683 yloss.
1384 2638 1581 2675 Intendere
1614 2642 1672 2675 est

137 2682 330 2720 criminari
370 2686 438 2720 aut
473 2684 520 2720 ad
547 2685 698 2722 caedem
731 2687 798 2721 aut
828 2667 880 2721 ad
911 2685 1095 2722 iniuriam.
1146 2697 1296 2732 perraro
1331 2687 1458 2722 tamen
1495 2686 1534 2722 in
1572 2686 1670 2723 bono

135 2733 204 2768 est.
386 2735 429 2767 19
454 2731 501 2753 **
514 2732 604 2779 pan]
633 2733 740 2768 Seru.
772 2734 864 2769 Aen.
897 2737 1014 2778 6,776.
1064 2733 1162 2768 Inui·
1179 2733 1219 2769 id
1251 2735 1308 2768 est
1338 2732 1461 2769 Panos
1493 2734 1557 2779 qui
1590 2734 1669 2770 illic

136 2778 282 2816 colitur.
318 2778 431 2815 Inuus
462 2783 589 2816 autem
619 2779 742 2818 latine
762 2780 994 2835 appellatur,
1019 2791 1152 2826 graece
1178 2780 1288 2816 Πᾶν.
1349 2780 1519 2816 .dicitur
1543 2783 1668 2817 autem

135 2827 247 2910 Ilpuus
277 2826 325 2862 ab
355 2826 476 2863 eundo
500 2826 642 2872 passim
673 2838 757 2863 cum
783 2827 966 2864 omnibus.
1011 2828 1109 2863 unde
1135 2829 1174 2863 et
1196 2827 1333 2863 incubo
1365 2827 1512 2863 dicitur.
1557 2830 1601 2864 de
1633 2841 1668 2865 u.

135 2873 215 2910 Pan
239 2874 789 2919 ctIScru.Ecl.2,81.Phi1ar
814 2902 822 2910 .
848 2876 890 2911 in
908 2875 1014 2911 cumi.
1041 2876 1106 2911 loc.
1127 2875 1221 2911 Isia.
1249 2879 1400 2920 8‚11,.81
1499 2879 1542 2911 27
1569 2876 1669 2926 infit]

139 2921 267 2959 Plaut.
293 2922 401 2958 Asin.
427 2925 544 2967 2,2,76
570 2925 631 2958 etc.
658 2921 758 2959 Fest.
810 2923 898 2959 ’auh
927 2926 1039 2970 112,9.
1067 2922 1213 2960 Cledon.
1242 2926 1405 2968 1916,47.
1435 2922 1479 2958 1³.
