1898 3294
768 187 813 191 --
883 162 940 203 53
1005 187 1055 193 ..-

0 172 34 266 z]

144 267 287 313 Hara
318 269 438 313 loeus
470 271 538 311 est
568 268 844 311 tenebrarum
877 269 945 313 uel
978 283 1219 325 porcorum.

0 333 14 387 {v
144 327 344 372 Humus
376 330 494 372 terru-
525 328 578 372 ab
599 328 869 372 humanitate
889 329 1023 385 dicta,
1055 329 1156 386 quia
1188 329 1354 373 cunctis
1387 329 1577 373 humana
1608 333 1687 374 est.

0 390 7 395 '⁴
206 390 252 432 et
282 390 352 432 est
383 388 554 445 generis
589 387 798 431 feminini.

145 446 378 504 Harioli,
421 447 575 503 diuini,
625 447 699 505 qui
749 450 955 503 concepto
1007 449 1107 491 ante
1157 463 1278 491 aram
1333 448 1488 505 spiritu
1542 449 1688 493 futura

106 522 125 550 ε
203 507 470 564 praedicunt.
1350 545 1358 552 .

142 564 332 611 Hiatus
381 565 557 623 proprie
602 569 669 609 est
706 566 847 610 omnis
885 566 974 609 oris
1018 566 1208 622 apertio,
1253 567 1468 611 translata
1504 583 1530 611 a
1567 568 1683 623 feris,

202 640 383 683 quarum
416 625 601 669 auiditas
639 625 782 682 hiatu,
820 625 863 669 id
896 628 963 668 est
994 626 1081 669 oris
1114 627 1358 682 apertione,
1397 630 1679 671 monstratur.

201 683 300 728 inde
332 684 490 728 dicitur
520 685 745 741 inhiare,
778 685 819 728 id
841 688 909 728 est
929 685 1057 728 alicui
1079 686 1140 728 rei
1162 686 1321 729 acriter
1341 690 1385 729 et
1407 686 1684 730 uehementer

201 744 462 788 incumbere.
491 747 579 788 .est
611 748 655 788 et
689 745 895 789 inhiare
928 744 1150 788 intendere
1173 745 1336 802 aliquid
1357 750 1401 789 et
1433 749 1556 790 caute
1588 762 1680 802 per-

89 820 124 847 ιο
202 803 388 860 spicere,
419 807 469 848 ut
500 805 537 848 si
569 804 761 848 dicamus
794 804 1038 861 aruspicem
1070 805 1116 848 in
1148 806 1248 849 exta
1280 805 1459 848 inhiare.

139 862 404 920 Hirpices,
435 864 610 909 tribula.

138 921 319 979 Hydra
349 924 478 967 draco
512 924 594 967 fuit
627 924 865 968 multorum
898 924 1091 980 capitum
1123 925 1168 967 in
1195 925 1353 980 Lerna,
1395 925 1551 981 palude
1584 941 1680 981 pro-

198 982 367 1026 uinciae
398 982 623 1027 Arcadiae.

137 1040 351 1086 Habilis
384 1042 561 1099 dicitur,
593 1043 668 1100 qui
700 1058 745 1086 se
777 1042 929 1100 habet,
962 1043 1004 1087 id
1037 1046 1104 1086 est
1134 1043 1306 1100 integer
1338 1047 1382 1087 et
1414 1044 1556 1088 fortis.

85 1201 118 1228 ιε
532 1186 534 1189 ’
638 1158 810 1229 Glossae
831 1200 912 1240 per
942 1186 974 1228 I
1000 1187 1193 1230 litteram.

136 1280 361 1324 Infamia
398 1295 485 1324 non
523 1281 701 1324 dubium
739 1282 825 1336 est,
863 1281 966 1338 quin
1003 1282 1173 1338 generis
1213 1282 1272 1324 sit
1308 1282 1520 1324 feminini.
1577 1297 1679 1325 nam

197 1340 235 1383 si
267 1342 420 1396 neutro
441 1341 578 1395 dicas,
610 1342 658 1383 ut
678 1340 798 1384 uerbi
831 1340 993 1397 gratia:
1027 1340 1225 1384 ‘infamia
1250 1341 1419 1384 loeutus
1446 1340 1514 1384 e'st
1534 1342 1679 1398 uerba,

198 1399 335 1443 stabit
367 1399 539 1457 quidem
572 1398 645 1442 **.
696 1399 699 1402 ⁴
871 1414 877 1416 “

135 1458 429 1503 Incaestum
460 1462 566 1516 puto
600 1475 625 1502 a
655 1459 850 1502 litteram
882 1460 1037 1503 debere
1057 1460 1262 1516 retinere,
1294 1461 1349 1503 ab
1382 1476 1432 1503 eo
1465 1461 1577 1517 quod
1610 1463 1679 1504 est

82 1535 117 1561 20
195 1518 424 1563 incastum.
472 1534 574 1562 nam
606 1522 837 1562 caestum
869 1519 1019 1563 dicunt
1049 1535 1202 1572 zonam
1234 1520 1462 1576 pelliceam
1484 1520 1679 1576 Veneris,

196 1594 305 1635 quae
331 1579 554 1634 legitimas
579 1579 754 1635 nuptias
775 1579 898 1636 ligat.
950 1580 987 1622 si
1019 1580 1115 1635 quis
1141 1579 1278 1636 igitur
1310 1579 1440 1622 alieni
1472 1580 1677 1637 legitimi-

195 1653 278 1695 que
293 1638 568 1682 matrimonii
588 1639 684 1682 iura
702 1639 949 1695 uiolauerit,
980 1639 1221 1683 incaestum
1246 1639 1405 1682 dicitur
1437 1640 1677 1695 admisisse,

194 1697 239 1741 id
258 1700 326 1740 est
344 1698 468 1754 quasi
494 1698 711 1741 castitatis
743 1698 965 1742 uinculum
996 1714 1234 1755 zonamque
1257 1699 1439 1742 Veneris
1473 1699 1675 1742 uiolasse.

135 1756 325 1801 Iudaea
357 1773 453 1801 cum
486 1773 512 1801 a
544 1758 829 1801 scribendum.

230 1951 246 1981 1
274 1946 336 1982 uel
355 1947 448 1983 HG:
475 1948 514 1983 et
533 1947 569 1983 R
666 1951 685 1983 ‘1
708 1947 812 1983 hiatu
834 1947 885 1984 G:
912 1947 1058 1984 hiatum
1081 1947 1118 1982 P
1137 1948 1143 1995 1
1164 1947 1358 1994 apertione
1376 1959 1413 1983 v:
1443 1948 1674 1994 apertionem

131 1993 407 2040 (aperitionem)
437 1994 498 2040 ΡΙ
519 1996 747 2031 monstratur
772 1995 879 2040 va:
906 1996 1130 2032 monstrauit
1157 1996 1195 2039 C,
1223 1996 1407 2031 monstrat
1431 1995 1468 2030 R
1572 1999 1593 2032 8
1619 1996 1673 2031 in-

133 2040 235 2076 hiare
251 2061 294 2067 —
311 2042 525 2078 incumbere
544 2053 611 2077 om.
633 2042 699 2078 CR
796 2046 816 2077 9
836 2042 1031 2079 intendere
1051 2043 1146 2078 HR:
1166 2044 1310 2079 intente
1330 2043 1375 2085 G,
1402 2043 1631 2079 intercedere
1646 2043 1678 2079 0

137 2089 140 2128 ἔ
162 2088 371 2134 perspicere
384 2100 421 2124 vx
437 2090 647 2135 prospicere
668 2103 696 2124 ω
782 2094 825 2126 10
845 2090 905 2126 ein
915 2094 1022 2131 extra
1037 2092 1067 2126 G
1149 2095 1189 2126 11
1212 2090 1382 2136 Hirpices
1395 2090 1473 2126 Rv:
1500 2090 1672 2136 Hispices

136 2135 233 2171 Hmr
331 2140 375 2172 16
400 2137 490 2182 quia.
513 2137 659 2183 generis
684 2139 742 2173 est
766 2149 787 2172 v
887 2141 928 2173 17
955 2138 994 2173 in
1020 2140 1153 2174 neutro
1180 2139 1211 2174 C
1307 2142 1350 2174 18
1376 2138 1493 2174 stabit
1511 2137 1589 2181 (isti
1607 2142 1673 2174 aut

126 2185 171 2228 p)
196 2183 348 2230 quidem
376 2184 460 2229 Pvp
561 2189 603 2220 19
630 2185 814 2220 Incestum
842 2186 930 2220 libri
951 2185 957 2231 Ι
979 2188 1071 2231 puta
1095 2186 1139 2221 H
1157 2188 1163 2231 Ι
1185 2185 1344 2221 retinere
1374 2185 1424 2220 P:
1452 2185 1604 2222 retineri
1627 2198 1647 2221 v

132 2235 179 2267 20
204 2243 290 2267 nam
315 2243 352 2267 v:
380 2232 484 2267 uenit
512 2231 572 2273 ΡΙ
595 2233 761 2269 caestum
789 2232 846 2268 H:
873 2236 1015 2269 costum
1041 2233 1099 2268 Rv

232 2307 245 2338 1
275 2302 384 2350 hara]
415 2303 542 2339 Plaut.
563 2303 667 2339 Asin.
689 2307 818 2348 2‚4‚24.
845 2304 944 2340 Non.
966 2308 1104 2350 120,20.
1130 2304 1234 2341 Hara
1252 2305 1309 2340 est
1327 2316 1525 2350 porcorum
1546 2305 1671 2342 stabu-

131 2349 221 2386 lum.
248 2351 293 2394 cf.
319 2350 456 2386 Donat.
487 2350 635 2387 Phorm.
657 2354 784 2395 4‚4‚29.
813 2351 973 2388 Cassiod.
1001 2353 1092 2388 orthf.
1119 2355 1259 2396 2320,2.
1290 2352 1333 2387 P.
1359 2352 1478 2388 Prisc.
1500 2352 1531 2399 Il
1554 2357 1669 2398 5330.

131 2396 182 2432 K.
339 2402 360 2434 4
386 2397 539 2445 harioli]
573 2399 618 2442 cf.
651 2398 796 2434 Harioli
826 2411 862 2444 p.
889 2405 945 2435 50.
1130 2404 1151 2436 6
1176 2400 1302 2436 hiatus
1347 2401 1441 2435 Isid.
1471 2404 1596 2444 14,9,3.

137 2449 175 2480 11
204 2444 379 2492 hii-pices]
406 2449 622 2495 apae-eteros
647 2449 812 2482 auctores
837 2446 966 2491 (Varr.
993 2447 1037 2482 L.
1059 2447 1102 2483 L.
1130 2450 1245 2491 5,136.
1312 2451 1372 2483 est.
1397 2447 1505 2483 Paul.
1530 2452 1668 2492 105‚16.

134 2491 235 2528 Seru.
265 2492 391 2539 Geory.
422 2497 511 2537 1,95.
557 2494 718 2529 Glossar.
751 2494 792 2529 in
823 2494 954 2530 Barth.
982 2495 1080 2530 Adu.
1109 2498 1241 2539 28‚19.)
1283 2506 1398 2540 glenus
1422 2496 1537 2531 rastri
1560 2496 1671 2539 ferrei

133 2540 333 2585 complures
357 2541 490 2581 habens
514 2541 636 2578 dentes
659 2542 854 2588 significat.
986 2546 1028 2579 16
1054 2541 1226 2589 infamia]
1257 2542 1382 2579 Plaut.
1413 2542 1512 2578 Pers.
1539 2547 1668 2588 3‚1,27.

135 2590 178 2622 19
203 2586 426 2636 incaestum]
446 2588 591 2625 Luctat.
617 2588 722 2625 Plac.
747 2589 852 2625 Theb.
876 2594 967 2634 5,63.
1007 2589 1141 2626 Ceston
1169 2593 1226 2626 est
1243 2589 1434 2626 uinculum
1460 2590 1669 2627 ornamenti

131 2645 206 2679 quo
232 2633 483 2672 circumdatur
507 2636 644 2680 Venus,
669 2636 842 2674 omnibus
867 2637 1055 2673 illecebris
1080 2637 1371 2684 nuptiarumque
1397 2637 1666 2684 cupiditatibus

132 2681 383 2727 elaboratum,
421 2695 496 2729 qno
533 2683 772 2720 matrimonia
808 2684 945 2721 dicitur
981 2684 1138 2731 alligare
1284 2685 1506 2731 specialiter
1541 2691 1665 2722 tamen

132 2740 263 2765 zonam
291 2728 446 2766 Veneris
471 2730 648 2768 debemus
673 2731 852 2778 accipere,
878 2743 972 2778 quae
999 2743 1072 2768 non
1097 2733 1212 2769 rutilo
1236 2743 1326 2768 auro
1351 2732 1581 2779 gemmisque
1607 2733 1666 2777 sit,

129 2776 195 2812 sed
226 2776 341 2822 pelle,
374 2778 416 2813 ut
444 2778 648 2824 probentur
678 2790 876 2827 corporeae
908 2779 1134 2825 uoluptates.
1191 2782 1318 2816 ceston
1351 2782 1476 2816 autem
1516 2779 1664 2822 dicitur,

129 2824 228 2870 quod
249 2823 404 2870 copulae
424 2827 463 2861 et
480 2825 710 2863 matrimonii
730 2827 787 2862 uis
806 2826 867 2870 sit,
893 2826 982 2872 quia
995 2827 1099 2871 adeo,
1125 2839 1220 2873 quae
1246 2827 1430 2863 adulterio
1450 2829 1663 2873 perpetran-

129 2874 210 2916 tur,
235 2870 378 2908 incesta
402 2871 593 2919 dicuntur,
619 2872 726 2919 quasi
751 2873 851 2920 quod
877 2885 951 2910 non
976 2873 1143 2911 uinctum
1167 2874 1296 2922 fuerit,
1324 2874 1373 2910 sit
1396 2874 1589 2911 incestum.
1616 2876 1663 2921 cf.

130 2921 220 2957 ibid.
245 2922 361 2966 2383.
