1898 3294
768 191 812 197 —-
880 178 945 209 vn
1014 192 1059 195 -”

144 268 260 320 Μ
295 289 427 331 eram,
470 275 632 318 hermae
667 274 838 330 hermes,
877 273 1095 329 pelleoeeris
1130 273 1326 328 pellicens
1355 273 1508 328 pellex,
1546 273 1684 327 peluis

139 346 351 402 pollubro,
375 346 568 401 pronuba
591 344 766 400 procos'.

263 418 494 461 Praeterea
523 416 783 459 monendum
810 415 991 470 uidetur,
1021 415 1262 471 permultas
1289 416 1471 472 glossae,
1504 429 1613 471 quae
1638 414 1683 457 in

145 488 313 533 Placidi
345 489 468 531 libris
500 502 587 531 non
618 486 839 544 leguntur,
878 486 971 529 eius
1009 486 1174 529 nomini
1214 487 1258 529 in
1290 486 1403 529 libro
1437 487 1683 542 glossarum

145 560 346 606 adscribi.
382 552 434 602 de
459 559 528 601 his
555 559 667 601 infra
695 558 1028 614 disputabimus.
1066 561 1219 601 contra
1237 558 1282 600 in
1302 558 1415 600 libro
1436 558 1682 613 glossarum

143 631 223 676 has
248 631 413 675 Placidi
440 630 612 686 glossas
633 630 795 672 frustra
816 629 1128 685 quaesiuimus:
1161 629 1233 672 ‘ad
1249 631 1432 680 incitam,
1451 629 1682 683 aqoedulae,

142 702 276 757 alitos,
306 702 548 745 altrinsecus
574 699 642 759 (ειη
671 701 804 743 altera
814 699 970 757 parte),
988 700 1175 756 alumna,
1204 701 1508 756 aa‘theraterem,
1527 701 1683 755 asisua,

142 774 352 829 oom'yiae,
383 774 587 827 decrepiti,
617 772 872 827 emispheiia,
897 772 1095 827 enormia,
1125 771 1276 827 ephebi,
1306 786 1434 827 eques,
1464 772 1682 827 eryastnla,

142 848 327 897 euenum,
358 845 546 898 eapudet,
574 843 797 898 faenebris,
824 846 1060 898 yntturneo,
1096 842 1272 898 habena,
1302 843 1540 896 februarius
1569 858 1683 885 mar-

143 917 227 959 tius
244 919 338 971 etc„
355 917 564 970 inuestem,
583 916 789 970 insortem,
817 915 949 965 iubar,
981 915 1212 966 lacunaria,
1245 915 1427 970 laudare,
1458 915 1683 966 lancinare,

141 988 270 1031 noctis
279 990 434 1042 partes,
458 1001 542 1030 non
559 987 731 1041 quitum,
762 985 993 1038 obnuberat,
1024 987 1190 1042 occasio,
1220 1000 1379 1037 oenum,
1402 985 1683 1041 phleyetontes,

138 1059 344 1114 pollubro,
374 1071 537 1114 procos,
568 1058 798 1112 pronubos,
834 1058 1026 1113 puberes,
1063 1058 1249 1111 putiwm,
1289 1071 1467 1109 romam,
1505 1061 1683 1114 senatus,

140 1130 420 1184 stipulatores,
458 1129 607 1172 tenax'.
664 1143 773 1184 quae
811 1143 908 1171 cum
946 1129 992 1170 in
1033 1129 1235 1172 omnibus
1267 1129 1410 1172 desint
1441 1129 1683 1185 glossariis,

143 1200 300 1256 quibus
321 1201 493 1257 quidem
518 1216 598 1243 nos
631 1201 697 1243 usi
729 1214 889 1255 sumus,
921 1192 1257 1243 existimandum
1289 1203 1368 1256 est,
1399 1215 1472 1243 eas
1504 1201 1682 1244 omnino

142 1272 257 1314 libro
288 1272 535 1328 glossarum
572 1287 660 1314 non
695 1272 883 1314 insertas
920 1271 1077 1326 fuisse,
1114 1274 1164 1314 ut
1194 1272 1327 1314 etiam
1358 1271 1472 1314 hanc
1503 1273 1558 1315 ob
1591 1287 1682 1315 rem

143 1343 280 1386 libros
312 1342 479 1385 Placidi
517 1359 539 1385 0
565 1343 678 1385 libro
718 1343 964 1398 glossarum
995 1343 1199 1386 deductos
1232 1358 1326 1386 esse
1358 1343 1564 1387 credibile
1596 1359 1682 1386 non

142 1414 212 1457 sit.
262 1430 406 1457 earum
449 1429 554 1470 quas
592 1429 722 1469 supra
759 1414 946 1456 diximus
979 1414 1224 1469 glossarum
1256 1415 1402 1470 plures
1434 1415 1530 1458 ideo
1562 1430 1683 1470 prae-

140 1486 368 1528 termissae
394 1485 595 1528 uidentur
627 1499 739 1540 esse,
771 1485 884 1541 quod
920 1500 1018 1528 cum
1056 1485 1111 1528 ab
1137 1484 1391 1528 Isidorianis
1424 1486 1531 1528 locis
1571 1486 1682 1529 nihil

141 1556 370 1612 paulumne
409 1557 640 1612 distarent,
685 1557 787 1599 libri
831 1556 1076 1612 glossarum
1121 1559 1316 1599 auctores
1367 1557 1474 1599 locis
1524 1557 1682 1601 Isidori

141 1627 379 1670 simillimis
407 1628 493 1670 iam
519 1628 668 1671 allatis
695 1628 845 1670 eadem
871 1628 1006 1671 uerba
1032 1629 1191 1671 iterare
1217 1628 1460 1671 noluerant.
1499 1629 1554 1671 ob
1587 1644 1682 1672 eam

141 1713 315 1741 causam
335 1699 414 1741 has
435 1699 601 1742 Placidi
621 1699 790 1754 glossas
820 1699 1019 1741 omisisse
1050 1699 1160 1742 mihi
1184 1699 1404 1742 uidentur:
1437 1699 1681 1756 ‘ayredulaa

140 1771 326 1827 alumna,
349 1771 559 1825 comiyiae,
585 1771 786 1826 decrepiti,
811 1770 1067 1826 emisplieria,
1090 1785 1218 1825 eques,
1249 1774 1428 1826 euentus,
1444 1768 1690 1824 februarius

140 1843 316 1885 martius
359 1844 458 1897 etc.,
506 1842 645 1896 iubar,
686 1843 923 1897 lacunaria,
965 1843 1094 1885 noctis
1128 1846 1289 1897 partes,
1332 1843 1504 1898 occasio,
1553 1845 1682 1898 stipu-

141 1913 316 1956 latores'.
366 1914 539 1956 eosdem
579 1916 723 1956 autem
759 1928 848 1956 non
887 1929 1020 1956 unum
1060 1913 1226 1956 Placidi
1265 1913 1427 1956 librum
1459 1915 1682 1971 scriptum,

141 1985 215 2027 sed
245 1985 353 2027 duos
381 1985 580 2039 pluresue
606 1985 868 2038 adhibuisse,
899 1999 950 2027 ex
976 2000 1027 2028 eo
1053 1985 1343 2040 cognoscitur,
1369 1985 1483 2041 quod
1510 1986 1680 2041 glossas

141 2057 247 2099 satis
279 2056 441 2098 multas
473 2056 636 2111 duplici
667 2056 836 2098 ratione
867 2056 1131 2112 perscriptas
1163 2057 1284 2112 operi
1314 2056 1601 2112 inseruerunt,
1633 2061 1682 2100 ut

140 2128 347 2170 artissime
404 2127 622 2182 commisit,
678 2122 941 2181 altriplicem,
999 2128 1226 2181 adsentiac,
1284 2128 1464 2178 caculae,
1513 2129 1681 2180 cantilla,

143 2199 314 2253 candys,
345 2199 506 2254 conieci,
537 2202 748 2254 cracentes,
778 2199 914 2250 calim,
946 2199 1171 2242 crastinam
1203 2201 1284 2242 etc.
1339 2214 1522 2255 quarum
1552 2200 1680 2242 modo

141 2270 279 2312 altera
303 2284 400 2312 cum
426 2270 591 2314 Placidi
618 2270 743 2313 libris
770 2270 1000 2326 consentit,
1030 2271 1159 2313 modo
1184 2273 1350 2313 neutra.
1395 2270 1493 2312 aliis
1522 2286 1681 2314 nomen

141 2340 328 2392 Placidi,
366 2341 463 2384 aliis
496 2342 683 2384 alienum
713 2356 890 2397 nomen,
928 2342 1027 2385 aliis
1064 2341 1177 2384 nihil
1208 2357 1383 2397 prorsus
1415 2342 1680 2398 adscriptum

141 2415 219 2455 est.
262 2413 336 2455 sed
360 2427 446 2455 non
466 2413 607 2456 solum
628 2413 798 2469 glossae
817 2413 1043 2469 repetitae,
1066 2428 1217 2456 uerum
1237 2413 1370 2456 etiam
1397 2413 1608 2469 quaedam
1635 2414 1680 2456 in

142 2482 247 2526 duas
267 2488 412 2526 tresue
431 2487 579 2539 partes
612 2484 777 2527 diuisae
809 2499 1041 2540 earumque
1071 2484 1318 2540 fragmenta
1349 2499 1451 2527 suae
1482 2485 1680 2541 quodque

72 2552 75 2554 ’
142 2552 297 2597 literae
328 2555 524 2598 subiecta
554 2557 675 2611 sunt,
707 2570 791 2612 quo
823 2555 980 2598 melius
1011 2556 1139 2599 lexici
1170 2556 1268 2599 usui
1299 2556 1527 2612 seruirent,
1557 2556 1681 2599 uelut

143 2623 279 2678 capta
297 2629 535 2680 tempestate,
566 2628 772 2670 artissime
795 2628 1009 2679 commisit,
1039 2628 1289 2671 examussim
1319 2625 1522 2684 (inteyre),
1552 2628 1676 2671 hono-

141 2696 304 2751 ripetae,
334 2697 423 2751 iuyi
450 2698 608 2751 iunoni,
638 2698 785 2741 scena'.
835 2698 1016 2754 denique
1048 2699 1200 2754 glossa
1220 2697 1494 2758 penthesilea’
1521 2699 1678 2742 leuiter

141 2769 307 2810 mutata
340 2782 373 2810 s.
404 2783 443 2810 11.
473 2782 689 2812 amazones
720 2769 758 2811 A
791 2769 943 2812 literae
975 2763 1140 2812 inserta
1171 2772 1250 2812 est.
