1898 3294
10 182 33 218 u

743 203 1037 248 -65-

120 312 478 358 Meditullium
514 312 672 356 dicitur
713 312 851 367 loeus,
889 312 933 354 in
972 325 1056 368 quo
1089 310 1236 367 aliqua
1267 310 1532 353 meditantur
1565 309 1658 352 siue

180 374 233 418 ad
265 372 503 416 docendum
536 373 627 416 siue
659 372 712 415 ad
744 371 1004 415 discendum.

120 432 296 477 Mnrex
327 432 524 475 dicitur
556 432 733 475 cochlea
764 431 897 474 maris
930 434 1070 486 acuta,
1102 445 1210 487 quae
1237 430 1324 473 alio
1356 430 1530 472 nomine
1563 443 1661 471 con-

181 492 373 549 chylium
393 492 655 547 nominatur,
687 505 738 534 ex
772 506 856 547 qua
875 505 1068 546 purpura
1086 490 1250 533 nobilis
1282 489 1484 532 inficitur.
1517 488 1661 531 dicun-

85 563 103 591 ⁶
182 555 254 596 tur
290 555 335 595 et
372 551 594 594 murices
635 554 783 606 petrae
821 550 867 592 in
897 549 1028 592 litore
1067 549 1233 592 similes
1265 548 1502 591 muricibus
1533 547 1660 600 uiuis,

183 611 461 657 acutissimae
494 613 538 653 et
568 610 752 652 nauibus
785 609 1065 665 perniciosae.

122 670 298 727 Mysta
339 683 542 726 graecum
585 672 670 726 est,
713 669 756 712 id
800 671 867 712 est
906 668 1105 725 mysterii
1149 670 1312 711 auctor.
1356 669 1662 724 summysta,

185 730 259 787 qui
292 729 371 773 sub
405 744 455 778 eo
488 731 566 772 est.

123 789 398 847 †Mulcito‚
434 788 683 846 frequenter
723 788 904 831 mulceo.
959 788 1185 831 mulcere
1227 787 1343 830 enim
1375 787 1564 830 blandiri
1596 789 1663 828 est

71 861 106 888 ιο
185 850 255 893 uel
286 848 433 892 uerbis
465 848 638 891 blandis
670 848 852 891 delinire
873 848 1084 903 animum,
1117 862 1143 890 a
1174 847 1314 890 mulso
1347 847 1390 889 id
1423 850 1491 890 est
1521 846 1663 901 melle,

184 909 299 966 quod
336 910 560 963 acceptum
598 908 734 955 lenire
773 908 886 951 solet
924 907 1069 951 fauces
1101 907 1298 950 dolentes
1331 909 1406 950 aut
1439 906 1664 962 oppletum

138 992 143 994 -
185 968 383 1012 sordibus
416 966 689 1011 stomachum
721 967 865 1010 soluit.

123 1027 282 1071 Mitra
313 1030 381 1071 est
398 1026 580 1083 pilleum
601 1026 827 1083 Phrygum
847 1027 917 1069 uel
937 1026 1180 1082 Persarum,
1202 1028 1277 1069 aut
1296 1028 1474 1069 ornatus
1495 1025 1665 1081 capitis,

124 1087 381 1146 †Mattya‚
412 1087 632 1142 intestina,
665 1102 774 1143 quae
806 1087 953 1130 sordes
986 1086 1205 1129 emittunt.
1242 1086 1354 1128 unde
1386 1088 1551 1141 matty
1564 1085 1664 1128 arii

75 1158 108 1185 1⁵
186 1147 404 1202 dicuntur,
436 1146 510 1202 qui
542 1147 690 1190 eadem
721 1149 915 1189 tractant
946 1149 1021 1189 aut
1051 1146 1254 1189 uendunt.

133 1206 336 1263 Margo,
367 1210 548 1249 extrema
579 1220 681 1262 pars
713 1206 946 1249 cuiuslibet
978 1206 1081 1259 loci,
1102 1208 1156 1248 ut
1186 1207 1294 1261 puta
1325 1205 1474 1247 maris.
1525 1208 1570 1247 et
1601 1207 1669 1246 est

187 1266 357 1322 generis
389 1266 649 1320 communis,
681 1268 730 1308 ut
758 1265 830 1308 hic
862 1268 906 1308 et
935 1265 1043 1307 haec
1073 1279 1238 1321 margo.

126 1325 392 1369 Mulcator
423 1326 680 1381 corporis,
713 1325 787 1381 qui
818 1339 1001 1380 corpora
1032 1324 1168 1367 afficit
1198 1325 1269 1367 uel
1301 1325 1477 1368 cruciat.

127 1385 317 1428 Molari
349 1386 553 1441 exiguo,
586 1399 690 1428 saxo
722 1385 793 1428 uel
824 1384 947 1427 breui
978 1384 1048 1426 uel
1081 1384 1261 1427 modico.

74 1444 271 1488 20M0rb
283 1460 339 1488 us
371 1445 566 1500 regius,
598 1458 736 1500 genus
769 1444 984 1500 quoddam
1015 1444 1158 1486 morbi
1190 1444 1252 1486 sic
1282 1443 1537 1498 nuncupati,
1569 1442 1670 1499 quia

187 1506 313 1548 tanto
338 1504 486 1560 potior
518 1507 602 1560 est,
635 1506 798 1561 quanto
830 1503 1019 1546 deterior
1052 1503 1207 1546 ceteris
1240 1503 1454 1546 omnibus.

129 1563 495 1620 Meritissime‚
525 1564 794 1620 dignissime.

128 1623 437 1667 Medullitus
469 1624 627 1679 capti,
659 1637 794 1679 usque
827 1623 882 1666 ad
911 1622 1157 1678 penetralia.
1186 1622 1378 1665 medulla
1410 1622 1587 1664 detenti.

78 1734 85 1737 p
129 1683 322 1739 Munia,
353 1682 538 1738 tributa,
569 1698 749 1726 munera
779 1682 850 1725 uel
882 1682 1038 1726 officia.

227 1829 245 1860 1
273 1825 374 1861 locus
394 1824 443 1860 G:
470 1834 536 1859 om.
561 1823 598 1858 P
668 1828 689 1860 3
715 1825 869 1860 Maurex
890 1823 921 1860 Ο
940 1824 945 1868 Ι
968 1823 1204 1869 conchylium
1231 1823 1327 1858 Isid.
1347 1834 1368 1858 r
1391 1822 1552 1868 Papias:
1586 1832 1669 1858 con-

131 1872 257 1919 chylia
283 1871 329 1917 P,
355 1871 514 1908 concilio
539 1882 586 1907 va
705 1876 728 1908 4
753 1871 992 1908 nominantur
1019 1870 1051 1907 0
1169 1874 1190 1906 5
1216 1870 1419 1906 muricibus
1444 1881 1500 1906 mr
1528 1869 1672 1915 Papias

132 1920 245 1956 Isia:
271 1920 430 1956 murices
451 1919 512 1964 Cv,
538 1918 689 1955 muricis
706 1919 780 1965 Ra,
805 1919 945 1955 murice
965 1919 1011 1954 H
1027 1921 1032 1963 Ι
1054 1919 1151 1955 uiuis
1171 1918 1221 1954 G:
1247 1918 1357 1954 huius
1374 1917 1412 1952 P
1506 1922 1525 1953 7
1547 1917 1672 1963 Mysta

131 1967 185 2004 R:
210 1966 331 2004 Mixta
352 1966 396 2012 Ο,
422 1966 535 2003 Mista
554 1966 658 2012 HG'!
679 1969 810 2003 auctor
828 1967 890 2003 uel
910 1967 1059 2003 curator
1072 1966 1117 2001 H
1134 1969 1140 2008 1
1161 1965 1356 2002 summista
1374 1966 1434 2001 uel
1458 1964 1672 2001 summistra

136 2015 181 2062 P,
207 2015 390 2051 simmista
414 2014 449 2050 G
575 2018 597 2050 8
623 2014 701 2051 siue
727 2014 791 2061 qui
816 2014 984 2051 conscius
1008 2013 1167 2050 misterii
1192 2014 1277 2049 add.
1305 2012 1340 2049 G
1467 2017 1489 2049 9
1515 2013 1672 2048 Mulcito

132 2061 604 2155 mss-..quma
628 2062 1062 2145 ΝΜ
1087 2060 1675 2154 aava

135 2157 186 2194 G:
212 2168 279 2194 om.
308 2157 346 2192 P
384 2138 392 2155 ²
513 2160 557 2193 10
583 2138 739 2193 deli'nire
765 2157 934 2193 animum
958 2157 1012 2202 G,
1046 2137 1130 2192 dele
1161 2156 1200 2192 in
1231 2167 1334 2191 ream
1357 2120 1484 2200 c(lreani
1509 2155 1566 2201 H)
1593 2155 1674 2199 GH,

135 2204 326 2242 deleniens
350 2204 388 2240 R
409 2206 414 2249 Ι
435 2203 635 2240 translatio
660 2215 684 2240 a
715 2205 837 2240 mulso
863 2205 898 2240 G
1028 2208 1068 2239 11
1095 2203 1211 2240 lenire
1238 2203 1334 2239 solet
1357 2203 1528 2238 Kettner:
1560 2202 1676 2238 lenire

138 2252 218 2298 GH,
244 2252 353 2288 linire
379 2253 424 2295 G,
451 2251 546 2288 lenit
570 2251 606 2287 R
718 2256 762 2287 12
788 2252 903 2288 soluit
930 2252 981 2287 P:
1009 2251 1105 2287 solet
1130 2251 1165 2287 G
1280 2254 1324 2286 13
1352 2252 1408 2286 est
1433 2250 1483 2286 G:
1509 2261 1577 2286 om.
1606 2250 1643 2284 P

135 2301 292 2346 pilleum
318 2301 368 2336 G:
400 2299 558 2346 pallium
587 2299 647 2343 ΡΙ
670 2300 862 2346 Phrygum
895 2299 1122 2335 Wilmawns:
1154 2298 1306 2345 frigium
1334 2298 1380 2343 P,
1418 2298 1579 2344 frigeum
1605 2297 1639 2333 G

137 2347 272 2394 capitis
298 2347 343 2383 de
375 2349 480 2383 ueste
513 2347 547 2383 G
572 2346 770 2392 <deuotam
807 2349 853 2392 cf.
882 2348 991 2392 Isid.)
1161 2350 1206 2382 14
1226 2345 1379 2392 Mattya
1398 2357 1446 2391 p,
1471 2346 1618 2381 Mathia
1641 2356 1674 2390 v,

136 2395 255 2431 Matia
292 2395 435 2441 Papias
469 2394 541 2429 ΟΡ
564 2406 605 2439 p.
632 2398 713 2439 348,
748 2406 815 2430 om.
851 2395 896 2440 P,
921 2395 1006 2439 fort.
1032 2394 1212 2440 Mattyae.
1252 2394 1298 2438 cf.
1334 2393 1442 2430 Varr.
1475 2395 1479 2438 Ι
1511 2393 1675 2429 matiarii

138 2454 160 2478 v
190 2442 351 2488 Papias,
377 2442 538 2478 Mitrarii
566 2441 610 2486 G,
636 2442 823 2478 matuiora
847 2443 906 2486 H,
932 2440 1154 2478 ematiciarii
1178 2441 1226 2486 R,
1252 2440 1421 2477 maciarii
1442 2451 1469 2486 p
1545 2445 1589 2476 16
1615 2451 1674 2476 ex-

138 2491 260 2526 trema
291 2491 374 2526 add.
403 2490 557 2525 Kettner
581 2493 614 2525 et
639 2490 750 2526 Areu.
779 2493 828 2526 ad
854 2490 949 2526 Isid.
978 2493 1128 2534 14,8,42.
1157 2491 1162 2534 Ι
1190 2489 1313 2525 maris.
1352 2488 1451 2523 unde
1476 2489 1516 2524 et
1540 2499 1677 2524 nomeu

139 2537 286 2583 accepit
310 2537 345 2573 G
365 2538 460 2573 Isid.
561 2541 603 2573 18
630 2537 794 2584 corporis
813 2548 881 2573 om.
902 2537 936 2573 G
1033 2541 1078 2572 20
1104 2536 1255 2572 Morbus
1279 2535 1405 2582 regius
1425 2536 1477 2571 R:
1504 2536 1677 2571 Morbum

140 2584 286 2639 regium
312 2598 340 2620 ω
363 2586 368 2629 Ι
390 2585 480 2631 qnia
503 2584 557 2620 R:
583 2583 648 2631 qui
674 2598 702 2620 ω
859 2589 902 2620 21
929 2585 1022 2621 item
1047 2583 1192 2630 regium
1217 2583 1388 2619 morbum
1414 2583 1566 2629 quidam
1591 2582 1678 2618 inde

141 2632 361 2668 existimant
390 2632 550 2677 dictum,
583 2632 683 2686 quod
715 2632 803 2668 uino
836 2632 933 2669 bono
960 2634 998 2668 et
1022 2631 1211 2678 regalibus
1238 2630 1331 2667 cibis
1356 2630 1503 2667 facilius
1529 2631 1678 2666 curetur

143 2680 228 2715 add.
255 2679 290 2714 G
405 2683 450 2715 22
476 2679 716 2716 Meritissimo
741 2680 907 2716 Ksttner¹
1003 2684 1048 2715 23
1074 2678 1249 2714 Medullis
1274 2678 1309 2714 G
1330 2679 1335 2724 1
1359 2679 1460 2725 capti
1485 2689 1601 2724 usque
1627 2677 1678 2713 G:

143 2727 320 2773 capitque
350 2726 410 2772 ΡΙ
433 2727 600 2763 medulla
625 2727 722 2763 libri.
747 2727 835 2772 fort.
861 2727 1049 2763 medullae

241 2778 283 2810 13
304 2774 433 2821 mitra]
455 2774 550 2810 leid.
569 2778 718 2820 19‚31,4.
745 2775 859 2810 Mitra
877 2776 934 2811 est
951 2774 1093 2820 pileum
1111 2773 1318 2819 Phrygium
1338 2774 1451 2820 caput
1469 2774 1680 2819 protegens,

144 2822 255 2868 quale
280 2823 339 2857 est
362 2825 622 2857 ornamentum
647 2821 782 2868 capitis
813 2822 1046 2858 denotarum.
1090 2822 1136 2865 cf.
1163 2821 1267 2856 Seru.
1300 2822 1391 2857 Aen.
1418 2824 1534 2865 4,216.
1562 2823 1678 2863 9,616.

147 2874 191 2905 14
215 2869 376 2915 mattya]
403 2870 450 2913 cf.
483 2868 589 2904 Varr.
618 2869 663 2904 L.
683 2869 727 2904 L.
753 2873 870 2914 5‚112.
896 2869 1060 2905 Matteae
1085 2868 1134 2904 ab
1160 2878 1203 2904 eo
1223 2868 1323 2914 quod
1348 2867 1481 2903 Graeci
1507 2864 1679 2912 ματτύαι.

147 2921 190 2952 16
215 2917 362 2963 margo]
390 2916 485 2952 Isia.
513 2919 664 2960 14,s,42.
691 2916 834 2953 Charis.
860 2917 875 2951 Ι
902 2919 993 2960 aas.
1019 2916 1069 2951 K.
1099 2915 1217 2951 Prisc.
1244 2915 1276 2951 V
1300 2919 1437 2959 145,24.
1464 2914 1513 2949 VI
1541 2918 1680 2958 208‚12.

144 2964 195 2999 K.
252 2968 296 3000 23
322 2963 556 3010 medullitus]
583 2962 683 2999 Fest.
712 2963 823 2999 Paul.
850 2967 988 3009 123,19.
1010 2962 1240 3009 Medullitus,
1266 2974 1310 2998 ex
1335 2961 1477 2998 intimis
1496 2960 1682 2998 medullis.

228 3032 358 3059 Lucum
378 3031 492 3058 Placidi
511 3032 695 3065 gramm-tici
715 3031 839 3064 glossae.
878 3071 885 3076 ἱ
1375 3025 1396 3058 5
