1898 3294
862 205 1144 237 ...χη-

243 315 371 355 quam
410 314 591 355 magnae
630 301 743 342 inter
786 301 951 343 Placidi
995 301 1131 343 libros
1175 305 1219 342 et
1261 301 1520 356 glossarium
1565 315 1767 357 magnum

243 371 572 425 conspiciantur.
627 371 737 412 unde
780 371 910 413 facile
954 371 1233 426 intelligitur,
1283 374 1512 427 utrumque
1556 372 1768 415 librorum

243 455 376 494 genus
411 441 646 495 separatim
678 455 772 483 esse
804 442 1024 483 traditum.

361 522 405 565 Si
439 523 683 578 glossarum
722 524 914 566 ordinem
954 525 1276 579 contempleris,
1315 525 1454 580 qualis
1494 525 1538 566 in
1576 524 1768 579 utrisque

242 594 366 635 libris
405 597 616 649 seruatur,
653 595 698 636 in
735 594 846 636 libro
887 595 1129 648 glossarum
1167 595 1251 636 loci
1290 596 1352 636 ita
1384 597 1483 636 sunt
1513 595 1690 650 digesti,
1720 598 1769 638 ut

242 680 328 706 non
354 665 494 707 solum
519 665 684 719 primae
710 665 784 706 sed
811 665 942 707 etiam
967 665 1175 707 secundae
1197 668 1239 707 et
1270 666 1424 708 tertiae
1457 669 1499 708 et
1531 668 1767 708 ceterarum

242 735 466 776 literarum
491 735 602 777 ratio
623 735 872 789 haberetur,
904 751 1165 790 quamquam
1198 740 1243 777 ut
1275 736 1319 777 in
1350 739 1472 778 tanto
1506 727 1632 791 opere
1663 751 1766 778 non-

242 806 361 848 nulla
391 806 644 860 perturbata
676 809 786 848 sunt.
836 806 909 848 sed
941 806 985 847 in
1005 806 1169 855 Placidi
1201 794 1323 848 libris
1348 807 1520 862 glossae
1553 807 1767 849 continen-

243 879 313 918 tur
334 877 395 918 sic
414 876 664 931 permixtae,
695 879 743 918 ut
761 877 871 918 nihil
896 877 979 918 nisi
1012 877 1153 931 prima
1184 877 1301 918 uocis
1334 877 1608 932 explicandae
1639 877 1768 920 litera

240 950 437 1002 respecta
469 947 537 989 sit.
588 948 739 1002 quodsi
779 947 873 1002 quis
906 947 1069 988 Placidi
1102 947 1270 1001 glossas
1310 963 1331 989 e
1363 948 1575 1003 glossario
1607 961 1766 1003 magno

242 1017 519 1072 depromptas
552 1021 595 1059 et
626 1018 671 1059 in
701 1033 831 1059 unum
865 1018 1077 1072 quoddam
1098 1033 1248 1072 corpus
1280 1018 1473 1060 redactas
1506 1033 1599 1060 esse
1630 1021 1767 1073 putet,
1821 1034 1828 1040 ”

241 1088 403 1129 nullam
435 1102 606 1129 causam
639 1088 781 1130 afferri
812 1103 938 1143 posse
970 1089 1110 1143 uideo,
1148 1104 1221 1130 cur
1253 1089 1334 1131 iste
1367 1089 1489 1144 quasi
1520 1090 1619 1131 novi
1649 1089 1768 1132 uolu-

242 1159 369 1200 minis
407 1161 555 1200 auctor
593 1159 784 1200 ordinem
822 1159 1066 1213 glossarum
1109 1160 1211 1201 data
1254 1174 1384 1213 opera
1421 1173 1549 1214 quam
1582 1160 1766 1202 maxime

241 1230 512 1283 peruerterit.
563 1232 750 1271 ceterum
782 1229 826 1270 in
870 1229 1035 1271 Placidi
1079 1230 1202 1271 libris
1249 1245 1399 1271 uerum
1443 1244 1492 1272 ac
1535 1230 1767 1285 genuinum

242 1300 486 1355 glossarum
508 1300 700 1341 ordinem
722 1315 956 1354 superesse,
989 1300 1242 1355 quibusdam
1263 1315 1313 1342 ex
1345 1301 1472 1342 rebus
1498 1300 1768 1356 perspicitur.

242 1372 361 1413 uelut
393 1370 585 1425 glossam
605 1369 755 1426 ‘pelta',
787 1386 895 1426 quae
916 1371 977 1413 sic
997 1371 1191 1426 explicit:
1224 1370 1384 1425 ‘quibus
1415 1372 1607 1414 eaedem
1636 1370 1768 1414 Ama-

239 1455 356 1484 zones
386 1444 561 1483 utuntur
597 1442 644 1483 in
666 1441 839 1497 puyna',
877 1442 997 1483 locus
1029 1442 1248 1496 praecedit
1280 1441 1330 1483 de
1362 1441 1638 1484 Penthesilea
1670 1458 1768 1485 con-

242 1513 445 1566 scriptus,
477 1527 560 1566 quo
593 1511 644 1553 de
675 1513 968 1554 Amazonibus
1007 1513 1163 1567 agitur.
1213 1515 1258 1554 at
1289 1512 1335 1554 in
1365 1512 1478 1554 libro
1511 1508 1773 1569 glossarum,

242 1597 501 1637 quamquam
538 1583 687 1624 uocab.
726 1582 912 1625 ‘eaedem'
950 1586 1166 1625 retentum
1210 1586 1291 1637 est,
1339 1583 1441 1625 illae
1479 1584 1651 1638 glossae
1688 1599 1766 1640 pro

241 1654 406 1694 ratione
447 1653 672 1695 literarum
716 1654 947 1696 interuallo
992 1655 1153 1696 maiore
1199 1658 1423 1708 separatae
1466 1657 1577 1696 sunt.
1637 1669 1766 1710 porro

240 1724 286 1765 in
317 1724 541 1779 glossariis
573 1724 679 1766 haec
710 1725 932 1780 leguntur:

361 1806 587 1861 ‘Fruycm
624 1807 792 1860 fecisti
821 1821 900 1860 pro
932 1807 1026 1848 bene
1060 1807 1205 1858 fecisti.
1253 1809 1360 1850 ‘unde
1389 1809 1558 1861 quidam
1586 1809 1767 1863 fruyifat

240 1877 474 1920 interdum'.
529 1881 651 1919 acute
694 1878 804 1920 uidit
849 1878 1150 1932 KettnerUS,
1188 1878 1269 1920 hoc
1309 1879 1402 1920 loco
1447 1878 1551 1920 duas
1595 1879 1766 1934 glossas

242 1949 443 1991 confusas
485 1963 594 2003 esse,
638 1963 733 1991 cum
771 1949 816 1990 in
854 1948 1019 1990 Placidi
1058 1948 1178 1990 libris
1219 1949 1351 1991 uerba
1382 1952 1497 1991 recte
1529 1950 1590 1992 sic
1623 1964 1667 1991 se
1700 1965 1767 1992 ex-

242 2019 423 2074 cipiant:

357 2102 567 2156 Fruycm
596 2103 762 2154 fecisti
785 2117 865 2155 pro
891 2102 983 2144 bene
1011 2104 1153 2155 fecisti.
1201 2104 1308 2146 unde
1337 2104 1497 2157 quidem
1525 2103 1648 2156 fruyi.

359 2173 405 2214 F
406 2186 570 2215 accsse
597 2174 667 2225 fac
695 2173 912 2215 interdum.

243 2255 349 2296 item
381 2255 528 2310 glossa
560 2254 731 2308 ‘lupam'
763 2255 809 2296 in
840 2255 952 2296 libro
986 2256 1228 2310 glossarum
1261 2255 1322 2296 sic
1354 2255 1520 2296 finitur:

585 2325 610 2368 ς.
648 2359 680 2368 ..
711 2326 818 2368 unde
848 2329 885 2367 et
915 2321 1013 2379 Ζαρὰ»
1044 2326 1222 2380 lcpidula
1251 2326 1430 2379 fcstiua'.

242 2411 350 2451 quae
384 2396 427 2437 in
459 2395 624 2438 Placidi
655 2396 779 2438 libris
812 2396 872 2438 sic
904 2399 1069 2438 secreta
1100 2397 1320 2452 leguntur:

708 2468 814 2509 mide
845 2470 882 2508 ct
911 2467 1091 2520 lupanar
1121 2468 1271 2510 dicitur

359 2547 624 2604 Lepidum,
653 2549 818 2601 festiua.

242 2632 338 2673 inde
377 2631 563 2674 efficitur
599 2632 678 2674 has
718 2632 885 2686 glossas
919 2647 967 2674 eo
1006 2632 1171 2686 ordine,
1213 2646 1338 2687 quem
1369 2631 1414 2673 in
1445 2631 1569 2674 libris
1601 2631 1767 2675 Placidi

242 2704 400 2757 tenent,
429 2701 517 2744 iam
537 2701 590 2744 ab
610 2702 735 2744 initio
756 2702 987 2744 collocatas
1013 2702 1163 2744 fuisse:
1195 2702 1302 2744 alias
1335 2701 1448 2744 enim
1479 2702 1524 2744 in
1556 2702 1766 2757 glossario

241 2786 417 2827 magno,
461 2787 556 2815 cum
600 2773 690 2815 eius
735 2773 838 2815 ordo
884 2773 941 2815 sit
984 2773 1240 2827 accuratior,
1288 2788 1375 2815 non
1418 2773 1482 2815 ita
1525 2771 1765 2815 continuari

240 2846 486 2897 potuerunt.
517 2844 625 2885 illud
645 2844 827 2899 denique
848 2858 945 2886 raro
960 2843 1023 2898 fit,
1036 2846 1084 2885 ut
1103 2859 1171 2885 res
1191 2844 1433 2899 propinqua
1452 2842 1765 2898 significatione

242 2913 287 2955 in
306 2913 470 2956 Placidi
502 2915 626 2956 libris
658 2915 779 2957 iuxta
810 2914 975 2969 positae
1008 2914 1220 2969 legantur,
1252 2914 1373 2956 uelut
1404 2913 1540 2955 ‘alitos
1555 2912 1765 2963 alimones,
