1898 3294
870 189 1160 231 „32-

252 291 411 334 Scena
443 295 509 334 est
534 306 703 334 camera
727 292 827 335 hinc
846 293 944 335 inde
965 295 1219 350 composita,
1251 310 1359 351 quae
1384 296 1604 340 inumbrat
1627 298 1771 342 locum

309 351 355 392 in
397 351 587 406 theatrO,
637 352 683 393 in
734 367 817 407 quo
861 352 952 394 ludi
996 353 1241 396 actitantur.
1295 355 1400 396 item
1445 370 1572 399 scena
1615 356 1773 400 dicitur

309 411 512 452 arborum
543 411 590 452 in
628 425 672 452 se
709 411 1048 454 incumbentium
1079 413 1203 468 quasi
1234 418 1535 457 concamerata
1565 415 1774 472 densatio,

308 472 356 510 ut
394 469 710 524 supterpositos
747 472 894 525 tegere
925 471 1076 525 possit.
1131 472 1234 513 item
1267 487 1394 515 scena
1435 476 1616 516 uocatur
1658 489 1771 518 com-

211 539 227 564 5
305 529 465 582 positio
500 529 678 570 alicuius
711 529 933 584 carminis,
978 545 1085 585 quae
1129 531 1260 586 digna
1298 532 1355 574 sit
1399 533 1471 588 agi
1514 533 1561 575 in
1600 533 1774 577 theatro

308 587 694 629 exclamationibus
750 589 941 644 tragicis.
1014 589 1292 645 tragoedia
1347 593 1414 633 est
1469 593 1582 634 enim
1638 606 1773 648 genus

306 647 527 701 carminis,
565 661 648 701 quo
687 650 841 701 poetae
877 662 1028 703 regum
1065 663 1189 690 casus
1227 649 1479 693 durissimos
1525 654 1569 693 et
1611 652 1773 695 scelera

304 706 501 747 inaudita
531 706 600 747 uel
633 706 805 748 deorum
833 721 901 748 res
922 707 1012 749 alto
1034 707 1178 749 sonitu
1198 707 1459 751 describunt.
1496 711 1773 766 comoedia,

305 779 414 819 quae
445 779 513 806 res
533 765 803 819 priuatorum
830 767 874 807 et
891 766 1117 808 humilium
1135 781 1418 821 personarum
1437 768 1773 825 comprehendit,

197 835 229 858 10
307 838 395 865 non
425 826 516 865 tam
548 823 636 866 alto
669 827 717 866 ut
747 825 974 879 tragoedia
1006 825 1125 880 stilo,
1157 825 1231 867 sed
1261 826 1467 869 mediocri
1498 830 1542 869 et
1572 827 1697 870 dulci.

247 881 481 936 Supremi
514 885 557 924 et
588 882 777 925 ‘summi'
798 883 1017 938 significat
1047 886 1091 926 et
1123 883 1311 939 ‘ultimi’,
1343 886 1594 941 supprimi
1627 889 1771 930 autem

246 975 247 978 η
310 941 561 984 ‘occultari’.

245 999 447 1042 Sorites
493 1003 560 1043 est
603 1016 671 1043 ars
719 1001 787 1043 uel
837 1004 1161 1057 argumentum'
1189 1002 1557 1058 philosophorum.
1625 1001 1769 1058 σωρὸς

309 1073 461 1114 graece
499 1075 675 1102 aceruus
713 1060 882 1102 dicitur.
933 1061 1054 1103 aiunt
1092 1061 1225 1103 enim:
1268 1062 1313 1103 in
1344 1062 1425 1104 hoc
1464 1077 1636 1118 aceruo,
1666 1067 1772 1118 puta

194 1130 226 1154 15
306 1119 529 1174 frumenti,
568 1120 604 1161 si
643 1119 856 1161 addideris
895 1133 1077 1174 granum
1107 1135 1257 1176 unum,
1296 1124 1339 1162 et
1371 1121 1487 1163 aliud
1520 1125 1564 1164 et
1593 1123 1771 1165 tertium

303 1193 454 1232 capere
486 1181 648 1233 potest,
682 1179 751 1220 sic⁴
774 1181 822 1220 ut
853 1179 906 1220 ad
938 1179 1155 1221 infinitum
1186 1180 1400 1234 procedat.
1449 1181 1518 1222 uel
1550 1195 1702 1223 manus
1734 1182 1770 1224 si

303 1252 436 1291 capax
481 1241 547 1279 est
597 1238 742 1279 decem
794 1238 1047 1293 solidorum,
1092 1237 1222 1280 addas
1265 1254 1414 1294 unum,
1464 1242 1507 1281 et
1551 1239 1684 1282 alium
1727 1244 1771 1282 et

302 1296 482 1338 tertium
514 1311 664 1351 capere
695 1299 850 1351 potest.
901 1297 962 1338 sic
994 1310 1096 1352 ergo
1128 1297 1181 1339 ad
1212 1298 1430 1340 infinitum
1460 1299 1611 1340 tendit.

246 1354 474 1409 sphaera
506 1359 571 1397 est
603 1356 846 1397 rotunditas
878 1356 1027 1397 mundi
1045 1356 1252 1398 uolubilis
1273 1359 1316 1398 et
1348 1357 1552 1412 quidquid
1583 1358 1672 1400 tale
1704 1360 1771 1401 est

189 1426 223 1449 20
301 1415 355 1456 ad
397 1415 733 1457 uolubilitatem.
795 1415 942 1457 dicunt
982 1415 1113 1457 etiam
1163 1415 1366 1470 sphaeras
1411 1431 1463 1458 ex
1507 1416 1676 1471 capillis
1727 1419 1771 1460 et

300 1474 490 1527 pellibus
520 1474 676 1527 factas,
709 1474 863 1529 quibus
895 1474 1050 1516 ludunt
1079 1474 1279 1516 infantes.

244 1531 461 1587 Separia
490 1548 568 1588 pro
602 1532 832 1587 ‘separata'
865 1535 941 1575 aut
973 1533 1202 1575 ‘discreta’.

243 1591 602 1634 Subsistentia
644 1593 845 1634 dicuntur
876 1593 946 1634 uel
987 1595 1230 1634 constructe
1262 1593 1367 1647 fixa,
1417 1594 1484 1635 uel
1522 1596 1589 1635 ex*
1612 1594 1767 1648 quibus

301 1651 470 1706 aliquae
501 1666 571 1693 res
610 1651 864 1706 subsistunt,
900 1654 950 1693 ut
988 1651 1167 1693 dicimus
1210 1652 1488 1707 substantias,
1525 1654 1574 1694 ut
1609 1653 1645 1694 si
1685 1653 1767 1694 ele-

187 1721 221 1745 25
301 1713 456 1762 menta,
478 1711 632 1765 quibus
651 1711 790 1752 factus
811 1713 878 1752 est
896 1711 1096 1765 mundus,
1126 1711 1310 1752 uelimus
1332 1711 1598 1753 substantias
1618 1711 1768 1754 dicere.

243 1769 547 1824 Sugillauit,
579 1770 728 1812 irrisit.

241 1827 630 1883 †Supertietur,
662 1829 971 1883 superiacietur
1000 1829 1071 1870 uel
1103 1831 1424 1883 superponetur.

242 1887 605 1929 Sanctuarium
637 1888 757 1930 locus
777 1888 847 1929 uel
868 1888 1121 1941 cubiculum,
1151 1887 1226 1929 ubi
1246 1890 1417 1929 sanctae
1449 1903 1516 1930 res
1549 1892 1766 1943 geruntur.

337 2079 353 2109 1
382 2075 469 2110 hine
493 2075 579 2110 inde
605 2075 656 2110 G:
681 2075 720 2110 in
746 2074 888 2110 cicinde
917 2075 954 2108 P
1059 2077 1080 2109 5
1106 2074 1272 2110 criminis
1297 2075 1340 2109 Η
1359 2076 1364 2119 Ι
1385 2085 1481 2119 quae
1505 2074 1619 2120 digna
1645 2074 1766 2110 0116:

239 2123 339 2167 quod
366 2122 521 2168 dignum
546 2122 582 2157 R
604 2124 609 2166 Ι
631 2122 682 2158 sit
708 2122 786 2157 GR:
820 2123 908 2157 sunt
932 2122 1008 2157 HG
1175 2126 1196 2157 8
1221 2122 1361 2157 resulto
1388 2121 1420 2156 G
1446 2125 1479 2156 et
1503 2133 1629 2167 marqo
1654 2122 1699 2157 H

242 2174 282 2204 11
309 2169 434 2205 ultimi
457 2181 529 2204 mr:
567 2170 640 2205 ulti
663 2181 702 2214 v,
735 2170 866 2215 injusti
899 2168 942 2214 O,
967 2170 1090 2204 imusu
1121 2169 1178 2214 H,
1209 2168 1276 2204 imi
1310 2169 1346 2204 R
1377 2172 1408 2203 et
1439 2169 1534 2204 Isia.
1557 2170 1562 2214 Ι
1585 2169 1766 2215 supprimi

237 2229 294 2252 mr
319 2218 431 2252 Isid.:
457 2216 568 2262 primi
590 2217 635 2260 P,
662 2217 823 2262 supremi
848 2228 868 2251 v
969 2221 1011 2251 12
1037 2216 1215 2252 occultari
1242 2215 1305 2251 OG
1331 2216 1443 2250 Isid.:
1469 2216 1663 2251 occultarii
1687 2215 1765 2251 HR

240 2269 283 2300 13
311 2264 450 2300 Sorites
477 2264 520 2299 0:
549 2264 708 2300 Soritica
733 2264 784 2309 G,
812 2263 1000 2299 Socratica
1025 2263 1102 2298 HR
1206 2267 1249 2297 14
1275 2274 1447 2299 aceruum
1475 2262 1524 2298 δυ
1547 2265 1552 2308 ξ
1575 2274 1664 2299 aruo
1691 2263 1723 2298 G

240 2316 282 2347 17
308 2312 497 2347 soldorum
522 2312 567 2346 H
743 2315 786 2346 19
813 2311 980 2356 Sphaera
1003 2311 1056 2345 R:
1083 2310 1200 2356 Spera
1227 2310 1276 2355 P,
1309 2310 1451 2356 Shpera
1475 2322 1495 2344 v
1517 2312 1523 2356 Ι
1549 2309 1765 2349 uolubilitas

238 2359 271 2393 G
416 2363 460 2393 22
489 2358 643 2404 Separia
673 2370 713 2393 v:
748 2359 929 2404 Separata
962 2357 999 2391 P
1018 2361 1022 2402 Ι
1044 2369 1111 2403 pro
1142 2360 1314 2403 separata
1343 2358 1387 2392 H
1391 2371 1399 2391 z
1429 2368 1496 2402 pro
1527 2357 1701 2402 separant
1727 2356 1758 2391 G

236 2407 456 2452 prosperata
479 2417 512 2450 v,
538 2417 604 2441 om.
630 2405 667 2440 R
689 2407 693 2450 Ι
716 2408 755 2441 et
779 2406 950 2441 descreta
976 2404 1006 2440 Ο
1140 2409 1185 2440 23
1212 2407 1420 2440 constructe
1447 2403 1531 2439 CH:
1558 2403 1764 2439 constituta

236 2454 299 2489 uel
318 2455 371 2498 (et
390 2453 437 2496 G)
456 2453 530 2488 RG
548 2457 581 2488 et
601 2452 675 2488 GH
690 2454 802 2488 altero
823 2455 897 2488 loeo
992 2456 1038 2487 24
1056 2453 1100 2487 ut
1118 2451 1210 2487 HG:
1231 2452 1296 2487 det
1315 2450 1352 2496 G,
1374 2452 1413 2486 et
1429 2450 1466 2485 R
1563 2455 1606 2486 27
1629 2451 1763 2497 Super-

235 2501 351 2536 tietur
364 2500 452 2545 HR,
479 2500 738 2546 Suppertietur
764 2500 801 2544 0,
827 2500 1055 2546 supercietur
1075 2499 1119 2543 G,
1145 2499 1229 2542 fort.
1256 2498 1508 2544 Superduetur
1529 2499 1534 2543 Ι
1557 2498 1764 2543 superiacet

237 2548 269 2583 C
287 2551 291 2593 Ι
314 2550 583 2593 superponetur
606 2559 658 2583 m:
684 2549 914 2593 supponetur
939 2561 966 2582 ω

334 2600 350 2630 1
379 2595 504 2640 scena]
527 2595 631 2630 Seru.
651 2596 742 2630 Aen.
766 2599 879 2636 1,164.
907 2595 1025 2630 Scena
1043 2593 1328 2629 inumbratio-et
1347 2592 1448 2628 dicta
1466 2604 1576 2628 scena
1594 2588 1669 2627 ἀπὸ
1696 2592 1762 2637 τῆς

237 2643 354 2683 σκιᾶς.
398 2643 498 2687 apud
530 2642 702 2688 antiquos
735 2642 833 2678 enim
864 2640 1065 2686 theatralis
1085 2651 1195 2676 scena
1219 2640 1402 2686 parietem
1426 2651 1500 2675 non
1524 2639 1671 2684 habuit,
1697 2639 1763 2674 sed

237 2691 283 2725 de
295 2689 488 2725 frondibus
502 2690 720 2724 umbracula
739 2689 977 2734 quaerebant.
997 2689 1127 2734 postca
1145 2687 1317 2723 tabulata
1329 2698 1549 2733 componere
1563 2688 1763 2732 coeperunt

236 2738 275 2772 in
301 2737 453 2772 modum
475 2735 641 2782 parietis.
678 2738 722 2781 cf.
750 2737 853 2772 Seru.
874 2736 1001 2781 Geory.
1023 2739 1114 2780 3,24.
1142 2735 1236 2770 Isid.
1264 2739 1414 2779 18,43,1.
1513 2738 1555 2769 11
1582 2733 1761 2779 supremi]

238 2802 281 2814 =
304 2785 397 2820 Isid.
418 2784 466 2819 D.
496 2784 536 2819 V.
565 2788 644 2820 511.
671 2785 716 2828 cf.
743 2784 841 2819 Fest.
866 2783 975 2819 Paul.
1002 2787 1142 2828 304,11.
1242 2786 1284 2817 19
1311 2781 1485 2828 sphaera]
1513 2781 1607 2816 Isid.
1633 2782 1758 2830 13,5,‚2.

237 2832 404 2877 sphaera
435 2831 530 2867 caeli
563 2831 681 2875 dicta,
719 2843 762 2866 eo
795 2831 893 2876 quod
924 2830 1065 2876 species
1094 2829 1174 2865 eius
1203 2829 1243 2864 in
1273 2829 1474 2865 rotundum
1503 2827 1759 2881 formamest,

237 2880 301 2914 sed
334 2881 373 2914 et
402 2878 587 2924 quidquid
618 2879 696 2914 tale
728 2880 783 2913 est
814 2878 862 2913 ad
888 2877 1179 2921 uolubilitatem,
1211 2877 1368 2922 sphaera
1391 2888 1415 2912 a
1439 2875 1590 2912 Graecis
1614 2875 1760 2917 dicitur,

236 2927 332 2962 sicut
356 2928 394 2961 et
419 2925 538 2971 pilae,
565 2925 698 2971 quibus
724 2926 857 2960 ludunt
880 2924 1052 2969 infantes,
