1898 3294
749 216 803 222 .-
867 190 918 232 6]
988 215 1041 221 ‚-

124 301 302 357 Latr0,
334 299 703 357 satelles„dictus
736 314 762 342 a
793 297 944 341 lateris
977 295 1183 339 custodia.

125 361 330 405 Liuitus
362 361 455 404 sine
487 358 808 416 praepositione
841 356 1039 411 ‘oblitus,
1072 354 1327 399 immemor'.

124 420 358 465 Laterna
400 420 606 477 punica,
650 434 676 462 a
719 417 925 474 pellibus,
969 430 1076 473 quas
1116 415 1170 459 ab
1210 414 1382 470 angulis
1420 413 1667 468 tegularum

193 479 356 524 adfixas
389 479 638 523 extendunt.
1104 475 1106 478 ’

94 539 424 595 ⁶Libassius,
457 539 587 581 Liber
617 540 751 594 pater.

83 625 86 628 ·
126 598 543 653 Luculentassit,
575 597 842 640 luculentum
873 594 1037 637 fecerit.

127 658 367 762 {Luncus
399 657 694 701 nominatiuus
726 654 1075 712 glossematicos,
1108 653 1286 696 lucunti.

170 720 377 762 amenta
409 731 564 774 genere
596 718 765 772 neutro,
795 728 975 758 numero
997 727 1166 769 semper
1197 712 1369 768 plurali.
1409 713 1670 755 lamentus

187 779 332 821 autem
364 790 522 834 genere
543 776 782 819 masculino
802 775 950 817 dicunt
981 773 1129 816 Iudaei
1162 776 1206 815 et
1225 787 1374 814 eorum
1395 772 1477 815 filii
1496 772 1670 815 cimices

76 848 110 875 1⁰
187 851 276 880 non
307 837 409 880 lecti
441 836 646 892 genialis,
678 835 752 878 sed
786 833 1036 889 sandapilae
1069 831 1462 888 amphitheatralis.

129 897 375 953 Lepidus,
408 896 566 952 mollis,
599 895 756 939 dicitur
788 909 814 937 a
843 893 1003 949 lepore,
1034 893 1148 949 quod
1180 891 1342 935 animal
1363 891 1669 934 mollissimum

188 959 265 1000 est.
317 956 519 999 facetus
551 970 672 1010 uero,
713 954 786 1011 qui
824 954 940 996 iocos
979 955 1106 1008 gestu
1145 955 1189 995 et
1226 951 1353 994 factis
1386 951 1671 1005 commendat,

188 1031 214 1060 a
244 1015 439 1059 faciendo
472 1015 625 1058 dictus.

130 1075 366 1118 Libitina
403 1078 469 1118 est
505 1075 586 1118 dea
616 1087 906 1131 paganorum,
949 1071 1142 1115 libidinis
1180 1071 1279 1126 dea,
1317 1085 1447 1127 quam
1494 1070 1670 1126 quidam

79 1146 112 1172 ¹⁵
194 1134 408 1178 Venerem
453 1134 711 1178 infernalem
762 1148 856 1176 esse
905 1132 1117 1175 dixerunt.
1172 1134 1323 1174 tamen
1367 1133 1410 1172 et
1451 1129 1670 1172 libitina

189 1194 347 1238 dicitur
383 1195 521 1238 lectus
561 1196 833 1238 mortuorum
868 1192 939 1236 uel
977 1192 1117 1247 locus,
1154 1190 1200 1234 in
1247 1205 1331 1247 quo
1376 1189 1539 1233 mortui
1576 1204 1673 1232 con-

190 1254 361 1298 duntur.
1583 1288 1590 1294 .

132 1313 519 1371 Laestrygones
575 1315 728 1370 gentes
786 1314 887 1355 sunt
944 1310 1287 1366 crudelissimae,
1349 1312 1397 1352 ut
1453 1307 1669 1364 Cyclopas

192 1374 392 1417 diximus.
691 1411 694 1413 .

78 1445 113 1470 20
134 1433 316 1490 Lepos,
348 1433 569 1476 urbanitas
603 1432 778 1488 elegans
799 1434 842 1474 et
862 1430 1009 1474 mollis
1042 1444 1091 1473 ac
1122 1429 1277 1472 faceta.
1327 1428 1439 1471 unde
1470 1428 1668 1471 homines

192 1493 303 1536 tales
335 1492 501 1550 ‘lepidi'
533 1495 754 1536 uocantur.
1378 1509 1389 1514 -

230 1674 251 1705 2
278 1669 425 1706 Libitus
455 1669 616 1715 Papias,
642 1668 797 1704 Libidus
821 1679 854 1712 v,
880 1678 947 1703 om.
976 1667 1014 1702 P
1162 1671 1181 1701 3
1210 1677 1302 1712 quas
1323 1677 1369 1711 p:
1415 1665 1522 1711 quasi
1548 1665 1674 1710 HRG,

134 1718 199 1763 qui
226 1717 256 1753 G
275 1719 281 1763 Ι
302 1717 451 1763 angulis
475 1729 546 1753 mr:
573 1716 732 1752 uinculis
760 1716 798 1761 C,
825 1715 970 1751 unculis
994 1715 1099 1760 Rpa,
1132 1714 1275 1750 onculis
1302 1714 1348 1748 H
1364 1716 1369 1758 Ι
1390 1714 1603 1760 tegularum
1628 1725 1670 1758 p:

135 1768 174 1801 et
197 1765 370 1811 gularum
399 1765 450 1810 P,
475 1764 689 1811 regularum
713 1775 796 1800 vam
923 1768 946 1798 4
971 1763 1019 1798 ad
1044 1762 1152 1798 fiscas
1178 1762 1222 1796 H
1240 1765 1245 1807 1
1268 1761 1475 1797 extendunt
1500 1761 1583 1806 Hp:
1610 1772 1670 1796 ex-

134 1813 290 1849 tendent
315 1812 391 1858 CR,
418 1812 621 1849 ostendunt
645 1811 679 1847 G
788 1816 809 1847 6
835 1810 1113 1846 Luculentassit
1136 1810 1288 1854 scripsi:
1320 1808 1608 1844 Luculentassat
1635 1808 1674 1851 C,

135 1861 420 1896 Luculentassct
449 1860 503 1905 R,
526 1859 817 1895 -Lutulentasset
841 1858 902 1894 uel
933 1858 1203 1894 luculentasset
1233 1857 1291 1899 H,
1315 1856 1540 1892 Lutulentus
1565 1855 1616 1892 sit
1641 1856 1675 1891 G

138 1908 142 1954 Ι
172 1908 400 1944 luculentum
446 1907 527 1944 GR:
566 1907 792 1943 lutulentum
835 1906 898 1942 uel
941 1905 1173 1941 luculentum
1218 1904 1275 1949 H,
1319 1904 1546 1940 lutulentum
1598 1903 1630 1938 G
1667 1919 1669 1949 ᾗ

134 1955 284 1991 fecisset
310 1955 347 1990 P
513 1960 531 1991 7
560 1955 707 1990 Luncus
734 1953 780 1999 Ο,
813 1953 987 1989 Lnncuns
1012 1952 1107 1997 HR,
1140 1952 1288 1988 Lucuns
1307 1963 1349 1997 p,
1375 1952 1497 1987 Lucus
1521 1963 1563 1997 v,
1588 1952 1672 1996 fon.

136 2004 284 2039 Lucnus
311 2020 355 2032 =
381 2000 515 2048 λύχνος
545 2005 551 2048 Ι
585 2001 867 2048 glossematicos
896 2012 935 2037 v:
966 1999 1245 2047 gloseimaticos
1276 1999 1364 2044 HR,
1391 1999 1673 2046 gloseimatidos

138 2050 168 2086 G
199 2054 204 2094 Ι
239 2050 383 2086 lucunti
430 2050 480 2086 P:
519 2049 640 2085 lucnit
681 2061 720 2095 v,
763 2049 850 2093 sort.
888 2048 1048 2084 lucerna.
1113 2049 1123 2057 '
1220 2052 1241 2083 8
1278 2047 1461 2083 Lamenta
1505 2046 1556 2082 G:
1606 2058 1672 2082 οηι.

140 2098 177 2132 P
196 2098 201 2145 Ι
223 2098 369 2144 generis
407 2097 529 2134 neutri
569 2096 600 2132 C
618 2100 623 2142 Ι
644 2097 831 2133 lamentus
864 2095 914 2131 G:
946 2097 987 2131 L.
1020 2096 1168 2131 mentus
1199 2094 1252 2139 R,
1284 2095 1308 2131 l.
1334 2095 1484 2130 nientus
1518 2095 1575 2138 H,
1615 2094 1675 2129 uel

137 2145 260 2181 neutri
287 2144 318 2181 G
473 2150 494 2181 9
521 2144 695 2182 dicuntur
719 2144 765 2179 H
921 2147 962 2179 10
987 2142 1208 2189 legitimalis
1234 2142 1275 2177 H
1299 2154 1344 2179 m.
1372 2146 1404 2177 1.
1428 2143 1433 2186 Ι
1455 2141 1675 2188 sandapilae

136 2204 218 2228 nos:
254 2191 463 2239 Gandapile
491 2193 529 2237 G,
555 2191 820 2238 scandaphilae
847 2191 935 2235 HR,
960 2191 1128 2226 sananda
1153 2190 1228 2236 pile
1255 2189 1288 2224 G
1461 2194 1503 2224 12
1530 2189 1674 2225 facetus

138 2241 248 2277 modo
276 2239 307 2276 C
425 2244 469 2275 15
495 2240 679 2277 dixerunt.
715 2239 780 2275 sed
804 2239 875 2274 hoc
900 2241 1011 2285 poete
1038 2239 1184 2283 fingunt
1209 2237 1243 2272 G
1367 2240 1408 2272 18
1436 2237 1675 2282 Lestrigones

139 2288 183 2324 C:
210 2288 440 2334 Listrigones
471 2287 632 2333 Papias,
669 2287 904 2333 Listrigonae
931 2286 974 2321 H
981 2286 1060 2322 Vat.
1091 2289 1193 2321 1552.
1222 2285 1256 2320 G
1277 2287 1283 2331 l
1305 2284 1489 2331 Cyclopas
1513 2284 1675 2320 diximus

141 2335 191 2372 P:
218 2335 379 2382 ciclopes
405 2337 439 2370 G
535 2339 578 2370 21
607 2334 725 2381 lepidi
753 2334 804 2369 P:
831 2334 1020 2380 lepodium
1046 2345 1079 2379 v,
1104 2333 1297 2379 lepudium
1317 2344 1347 2378 p

160 2420 168 2425 ,,
235 2387 251 2419 1
280 2383 393 2430 latro]
428 2383 554 2419 Plaut.
590 2383 676 2418 Mil.
712 2386 839 2427 1,1,74.
879 2381 986 2417 Varr.
1014 2381 1058 2417 L.
1083 2381 1127 2417 L.
1156 2384 1248 2426 ’1,52.
1272 2380 1471 2416 vLatrones
1503 2379 1595 2416 dicti
1628 2380 1676 2415 ab

138 2431 272 2475 latere,
304 2430 370 2476 qui
394 2430 533 2466 circum
564 2430 685 2466 latera
709 2431 816 2471 erant
846 2428 927 2475 regi
950 2431 1064 2474 atque
1089 2429 1135 2464 ad
1162 2428 1284 2464 latera
1309 2428 1502 2464 habebant
1525 2428 1675 2471 ferrum,

139 2490 232 2524 quos
258 2479 389 2524 postea
414 2489 438 2514 a
455 2477 655 2524 stipatione
675 2477 875 2523 stipatores
894 2476 1145 2523 appellarunt.
1190 2477 1258 2512 aut
1274 2475 1339 2522 qui
1360 2475 1676 2511 conducebantur.

141 2536 186 2561 ea
218 2525 319 2562 enim
352 2537 493 2562 memes
524 2536 656 2572 graece
686 2524 822 2560 dicitur
851 2521 998 2570 λάτρον.
1030 2524 1077 2568 ef.
1110 2523 1207 2560 Fest.
1252 2523 1362 2558 Paul.
1400 2526 1537 2568 118,16.
1571 2524 1674 2557 Seru.

142 2574 233 2610 Aen.
268 2577 357 2616 123.
511 2577 532 2608 2
570 2572 715 2619 linitus]
749 2571 910 2608 Cassiod.
943 2572 1033 2608 orth.
1064 2575 1228 2616 2317,10.
1265 2570 1309 2608 P.
1362 2569 1572 2606 Obliuiscor
1603 2581 1677 2605 nou

142 2620 298 2666 simplex
336 2621 399 2656 sed
438 2621 685 2676 compositum
724 2622 789 2656 est.
842 2619 1039 2666 compositi
1070 2619 1214 2655 scilicet
1250 2618 1359 2654 huius
1390 2613 1547 2664 simplex
1582 2618 1677 2653 latet

143 2669 179 2703 in
224 2667 389 2713 antiquis
431 2668 644 2704 nominibus
681 2669 721 2703 et
764 2668 1023 2703 monumentis.
1084 2666 1206 2702 liuisci
1250 2665 1347 2701 enim
1392 2665 1565 2701 obliuisci
1609 2667 1677 2710 est,

145 2715 330 2759 linitus,
356 2715 456 2760 quod
480 2726 548 2751 nos
572 2715 684 2751 hodie
710 2726 776 2761 per
801 2714 992 2750 elisionem
1023 2714 1207 2749 ‘oblitust
1306 2718 1326 2749 3
1353 2713 1500 2748 laterna
1524 2713 1676 2758 punica]

147 2762 274 2798 Plaut.
309 2763 393 2798 Aul.
427 2766 555 2808 3,6,29.
600 2762 694 2799 Volo
726 2773 770 2798 ex
802 2765 840 2797 te
872 2762 987 2806 scire,
1020 2762 1083 2807 qui
1110 2761 1160 2796 sit
1184 2772 1302 2807 agnus
1327 2761 1440 2797 curio.
1498 2759 1569 2803 Qui
1595 2771 1679 2795 ossa

145 2813 259 2856 atque
284 2809 393 2856 pellis
418 2811 554 2854 totust,
579 2810 634 2846 ita
658 2821 747 2845 cura
770 2811 903 2845 macet.
950 2809 1046 2852 Quin
1073 2810 1160 2844 exta
1185 2808 1368 2854 inspicere
1393 2808 1431 2843 in
1458 2807 1536 2843 sole
1562 2807 1676 2842 etiam

145 2858 234 2894 uiuo
259 2857 358 2893 licet.
403 2858 461 2893 Ita
484 2857 515 2893 is
540 2857 720 2903 pellucet,
746 2857 851 2903 quasi
876 2856 1022 2892 laterna
1046 2855 1191 2901 punica.
1299 2860 1342 2891 14
1367 2854 1533 2901 libitina]
1569 2854 1676 2890 Varr.

146 2906 188 2941 L.
216 2905 260 2940 L.
287 2909 378 2948 6,4‘1.
418 2906 450 2940 A
474 2903 638 2940 labendo
662 2904 797 2948 libido,
823 2903 1044 2939 libidinosus
1070 2914 1114 2938 ac
1138 2903 1263 2939 Venus
1289 2901 1489 2938 Libentiua
1515 2903 1553 2937 et
1578 2902 1679 2938 Libi-

146 2953 236 2989 tina.
335 2956 380 2987 20
406 2952 527 2999 lepos]
556 2951 683 2988 Plaut.
712 2950 793 2987 Cas.
819 2954 937 2997 2,3,18
962 2954 1023 2987 etc.
