1898 3294
151 300 283 360 (Non.
315 304 385 357 69,
404 297 473 345 23.
510 302 619 345 Gell.
663 302 727 355 11,
756 303 792 356 7,
817 300 895 359 5.),
933 300 1170 356 ‘acipenser'
1208 301 1254 343 in
1293 301 1501 344 Baccaria
1536 299 1689 356 (Macr.

153 375 234 417 sat.
265 375 305 428 3,
330 375 394 427 16,
419 374 486 430 1.)‚
518 371 753 416 ‘commodo’
787 372 831 414 in
851 372 1093 415 Friuolaria
1118 371 1307 429 (Charis.
1339 371 1395 414 ΙΙ.
1431 371 1527 426 196,
1546 371 1586 414 9.
1607 368 1691 427 K),

153 443 334 488 ‘nautea’
366 445 410 488 in
442 445 680 487 Artemone
710 442 844 500 (Fest.
876 443 970 499 165,
989 441 1091 500 32),
1122 443 1228 486 item
1262 442 1441 485 ‘herbam
1471 441 1538 485 do’
1557 441 1692 498 (Fest.

154 514 274 559 Paul.
305 515 374 570 99,
395 513 465 571 8.),
498 513 676 557 ‘narria’
696 512 830 571 (Fest.
855 513 950 570 166,
969 511 1071 570 21.),
1104 512 1282 556 ‘comolis’
1316 511 1436 570 (Isid.
1470 515 1540 568 20,
1561 514 1600 569 8,
1624 512 1691 570 1.),

152 584 356 630 ‘essentia’
399 584 566 642 (Quint.
610 586 649 639 2,
680 586 745 639 14,
770 585 810 628 2.
843 588 887 627 et
917 586 958 640 3,
990 586 1030 640 6,
1061 584 1164 640 23).
1220 585 1324 641 quin
1367 584 1463 627 ideo
1508 584 1690 627 dixerim

151 657 459 702 Muellerum
491 660 605 700 recte
632 655 895 700 ‘amitionum'
927 671 1006 712 pro
1039 655 1320 700 ‘amiciorum'
1353 656 1423 698 uel
1457 655 1529 698 ‘ad
1545 657 1691 698 exitia-

150 728 276 773 rium'
308 728 571 783 emendasse,
603 727 945 784 quod'Varrone
977 731 1088 771 teste
1122 728 1166 770 in
1198 728 1245 770 L.
1266 728 1311 769 L.
1346 728 1384 782 7,
1403 728 1473 770 66.
1510 726 1690 769 Plautus

150 801 241 844 eius
274 799 489 843 adiectiuo
522 815 622 842 usus
643 802 721 854 est,
752 802 797 842 et
816 798 1017 842 ‘maticmo
1042 799 1166 842 malo'
1187 814 1264 855 pro
1299 798 1445 841 ‘masio
1476 796 1601 840 malo'
1633 797 1689 839 ob

142 867 262 911 ‘hanc
298 884 390 912 rem
433 871 526 926 ipse
563 870 838 914 scribendum
881 871 1046 926 censui,
1096 871 1209 927 quod
1253 870 1387 913 etiam
1431 869 1594 911 Fronto
1639 868 1691 910 de

149 940 316 983 mattiie
335 939 579 998 (mattianis
588 941 630 999 P)
660 942 803 998 pomis
822 942 1018 998 loquitur
1036 957 1086 985 eo
1106 942 1215 997 loco,
1247 957 1331 998 quo
1352 940 1493 983 multa
1511 939 1690 982 nomina

149 1010 354 1055 Plautina
386 1013 574 1070 affert*).
613 1014 830 1070 permulta
859 1014 1073 1056 uocabula
1104 1029 1130 1056 a
1148 1013 1324 1056 Placido
1358 1012 1575 1068 explicata
1607 1010 1688 1053 etsi

150 1081 203 1125 ad
239 1083 410 1127 fabulas
449 1085 596 1128 Plauti
639 1100 748 1142 quae
792 1088 1023 1141 supersunt
1063 1084 1217 1127 referri
1260 1086 1498 1139 nequeunt,
1542 1086 1688 1125 tamen

149 1153 278 1197 aliter
309 1156 544 1199 terminata
575 1157 687 1212 apud
719 1157 933 1200 comicum
963 1156 1090 1199 illum
1122 1156 1338 1211 leguntur.
1388 1155 1475 1197 alia
1505 1154 1687 1209 denique

149 1224 342 1269 Plautini
362 1228 571 1270 sermonis
592 1228 815 1284 ingenium
836 1243 886 1270 ac
904 1230 1106 1270 naturam
1127 1242 1255 1283 quam
1275 1226 1462 1269 maxime
1481 1225 1689 1268 redolent.

267 1296 548 1342 Muellerus
580 1300 625 1341 in
657 1300 775 1342 Festi
807 1299 1004 1354 reliquiis
1037 1299 1170 1341 series
1203 1299 1410 1354 quasdam
1443 1297 1688 1353 glossarum

150 1366 448 1412 Plautinarum
468 1370 657 1414 intextas
678 1386 771 1414 esse
791 1374 907 1414 recte
926 1370 1107 1413 monuit.
1139 1371 1259 1426 atqui
1279 1369 1522 1424 complures
1543 1382 1689 1410 earum

150 1452 322 1494 uocum,
360 1455 468 1496 quae
506 1442 550 1484 in
589 1442 734 1497 aliqua
778 1442 988 1485 eiusmodi
1034 1442 1144 1484 serie
1183 1440 1524 1496 conspiciuntur,
1569 1441 1688 1494 ipsae

149 1509 260 1564 apud
299 1510 523 1555 Placidum
561 1516 803 1556 occurrunt.
852 1513 950 1556 inde
989 1513 1203 1556 effecerim
1241 1512 1372 1555 etiam
1409 1511 1488 1554 has
1521 1509 1688 1553 Placidi

149 1580 319 1636 glossas
358 1583 410 1625 ad
449 1584 654 1627 Plautum
691 1584 938 1627 referendas
977 1599 1089 1639 esse,
1131 1584 1303 1628 etiamsi
1341 1583 1550 1625 lemmata
1586 1596 1689 1624 non-

148 1666 367 1708 nunquam
403 1656 710 1699 terminatione
749 1671 775 1698 a
805 1656 934 1698 Festo
972 1656 1187 1698 differunt.
1242 1655 1361 1698 uelut
1401 1670 1450 1696 ex
1484 1669 1534 1696 ea
1566 1653 1689 1706 serie,

150 1735 281 1779 quam
317 1724 548 1768 Muellerus
590 1742 630 1782 p.
668 1728 737 1770 20.
788 1728 929 1770 inesse
968 1727 1140 1781 statuit,
1179 1726 1391 1769 uocabula
1429 1723 1611 1767 ‘civitam’
1646 1727 1689 1765 et

149 1792 430 1851 ‘ausculatusz
462 1812 512 1839 ex
546 1798 683 1840 altera
720 1813 760 1853 p.
792 1798 981 1841 35—36.
1013 1798 1178 1853 ‘bulya',
1211 1813 1233 1840 e
1264 1798 1397 1840 tertia
1428 1812 1466 1852 p.
1500 1795 1688 1838 60—62.

154 1867 357 1921 conjector
392 1882 590 1911 crumena
633 1860 786 1912 culleus
821 1870 1020 1912 coniuolis
1057 1868 1243 1924 capulus'
1283 1868 1413 1910 etiam
1454 1883 1478 1908 a
1511 1866 1687 1909 Placido

148 1938 429 1993 explicantur.
473 1942 601 1995 atque
621 1939 753 1983 etiam
774 1941 882 1983 alias
897 1941 1030 1984 series
1051 1941 1365 1996 glossematum
1385 1939 1688 1982 Plautinorum

148 2010 261 2064 apud
299 2009 475 2053 Festum
519 2011 770 2054 statuendas
814 2027 907 2071 esse
951 2016 1075 2068 puto,
1124 2012 1245 2054 uelut
1283 2027 1322 2066 p.
1369 2010 1613 2053 142—144.
1645 2012 1688 2050 et

154 2081 248 2124 165.
292 2083 335 2123 et
379 2083 491 2124 166.:
535 2097 635 2125 nam
678 2082 819 2138 primo
867 2083 980 2126 locor
1005 2084 1218 2127 uocabula
1262 2083 1484 2135 ‘municeps
1521 2080 1688 2122 mulleos

147 2153 428 2206 multifariam
477 2155 637 2196 moenia
687 2155 922 2196 mter-rinam
967 2153 1269 2210 muryisonem',
1320 2153 1505 2195 secundo
1551 2151 1689 2205 ‘nepos

148 2238 252 2278 nepa
282 2224 507 2275 nauteam’,
538 2225 668 2268 tertio
708 2225 863 2268 ‘marita
903 2241 1003 2269 nare
1033 2225 1186 2269 nauus'
1218 2226 1347 2268 Festo
1381 2240 1477 2268 cum
1510 2222 1686 2265 Placido

149 2298 250 2338 sunt
281 2296 537 2339 communia.
1359 2304 1362 2308 “

267 2367 420 2410 Potest
438 2371 585 2410 tamen
603 2367 828 2411 Luctatius
861 2369 913 2411 ad
946 2369 1054 2411 alios
1087 2383 1257 2424 quoque
1290 2370 1488 2410 auctores
1521 2368 1685 2423 glosse-

148 2441 267 2481 mata
303 2439 528 2494 scripsisse
567 2439 715 2482 uideri.
764 2440 885 2483 uelut
922 2439 994 2482 ‘ad
1029 2439 1400 2483 manticulandum’
1440 2454 1465 2481 a
1498 2439 1687 2482 Pacuuio

149 2513 402 2565 usurpatum
423 2525 516 2553 esse
537 2511 690 2554 Festus
715 2512 810 2566 133,
829 2512 899 2554 22.
923 2514 1122 2566 testatur,
1148 2511 1286 2565 ‘oeque
1304 2509 1537 2565 qnicquam'
1557 2510 1686 2553 hodie

149 2579 309 2636 legitur
346 2582 390 2624 in
423 2581 596 2625 Terent.
634 2582 744 2624 And.
776 2583 816 2638 2,
836 2583 876 2638 6,
895 2583 947 2637 3.,
985 2582 1241 2638 ‘inyluuiem'
1273 2598 1339 2638 ap.
1372 2582 1494 2638 Virg.
1527 2580 1686 2638 Georg.

149 2651 189 2705 3,
208 2651 290 2705 43.,
322 2651 518 2706 ‘pellacis'
551 2655 594 2695 et
626 2652 782 2708 ‘spiris'
815 2654 862 2696 in
893 2654 1084 2696 eiusdem
1123 2654 1229 2696 Aen.
1269 2654 1309 2709 2,
1332 2654 1401 2696 90.
1434 2658 1478 2696 et
1510 2654 1549 2708 2,
1574 2654 1686 2705 217.,

149 2737 234 2777 qua
277 2722 322 2763 in
365 2737 410 2764 re
453 2723 534 2765 hoc
573 2725 758 2767 maxime
795 2725 1033 2767 notandum
1073 2729 1157 2779 est,
1202 2725 1341 2767 Seruii
1380 2725 1550 2780 glossas
1589 2738 1684 2765 cum

242 2828 276 2873 ²⁸)
302 2826 440 2863 Fronto
466 2826 512 2863 de
537 2827 639 2864 feriis
659 2829 889 2865 Alsiensibus
908 2830 965 2865 ed.
986 2829 1105 2865 Maius
1128 2834 1229 2866 1815.
1255 2832 1281 2865 t.
1304 2830 1328 2866 1.
1350 2842 1385 2875 p.
1415 2834 1492 2866 177.
1520 2831 1683 2865 ceterum

147 2886 219 2923 hoc
250 2887 332 2923 loco
359 2887 478 2922 Maius
503 2888 602 2922 recte
628 2887 841 2933 adnotauit‚
875 2888 1049 2924 ‘mattiis'
1083 2888 1238 2925 fortasse
1270 2900 1293 2924 a
1327 2888 1476 2934 ‘pomis'
1512 2898 1683 2934 separan-

148 2946 237 2982 dum
262 2948 301 2983 ct
326 2957 392 2992 pro
420 2945 605 2991 ‘mattyis’
634 2947 890 2993 accipiendum
917 2959 1005 2984 esse.
