1898 3294
750 208 799 214 -
867 195 1067 226 xlx—

138 290 177 346 7,
209 290 279 334 28.
308 292 536 346 praeterea
567 290 780 347 quaedam
812 290 925 347 apud
956 288 1206 333 Luctatium
1237 289 1534 345 inueniuntur,
1565 304 1676 346 quae

135 377 223 405 non
261 362 387 405 ualde
429 362 602 405 diuersa
643 364 816 405 exstant
853 362 967 418 apud
1007 361 1116 405 alios
1150 363 1367 415 auctores,
1398 376 1439 404 u.
1470 361 1577 403 latro
1608 375 1676 416 ap.

137 431 264 477 Varr.
294 433 341 476 L.
373 433 420 476 L.
453 434 492 490 7,
513 434 630 488 752„
662 446 836 487 porcam
873 447 940 488 ap.
978 431 1107 475 Varr.
1139 431 1187 474 R.
1219 431 1269 474 R.
1305 433 1341 487 1,
1361 432 1431 487 29,
1451 432 1511 487 3.,
1541 432 1677 476 hostia

134 505 308 548 uictima
345 520 412 561 ap.
449 504 596 548 Front.
635 503 686 547 D.
719 503 770 547 V.
802 503 938 558 2204,
965 503 1035 545 24.
1067 501 1130 558 Ρ.,
1161 502 1311 546 cilones
1352 518 1421 558 ap.
1454 502 1623 547 Charis.
1654 504 1675 546 I

139 575 236 631 102,
270 576 307 618 1.
337 574 408 630 K„
434 589 581 631 yerras
623 590 692 631 ap.
738 574 852 618 Non.
887 575 983 630 118,
1010 575 1079 616 24.
1129 574 1204 617 sed
1241 575 1521 618 temerarium
1561 578 1677 618 esset

135 660 187 689 ex
223 645 307 689 hae
343 661 488 690 rerum
526 647 796 703 quarundam
834 645 1120 689 similitudine
1159 645 1368 702 colligere
1401 646 1588 689 alterum
1620 647 1675 689 ab

135 717 274 761 altero
313 718 510 774 pendere.
563 733 666 762 nam
703 719 866 761 multae
904 733 973 761 res
1011 731 1100 760 non
1130 720 1316 772 possunt
1352 717 1439 760 nisi
1472 718 1676 761 similiter

133 789 188 833 ab
221 790 424 833 omnibus
457 790 678 846 explicari.

254 859 375 912 Quae
394 865 622 917 praeterea
639 862 687 905 in
705 861 819 905 libro
839 858 1091 917 'glossarum
1110 859 1288 903 Placido
1321 861 1543 917 adscripta
1563 865 1676 918 sunt,

134 946 285 976 eorum
321 933 488 990 aliqua,
527 934 565 976 si
603 933 732 977 modo
773 933 866 975 iure
904 931 1107 975 Luctatio
1139 932 1406 988 tribuantur,
1445 933 1500 976 ad
1532 937 1675 978 certos

134 1006 335 1047 auctores
366 1004 593 1050 referenda
629 1007 747 1059 sunt,
785 1006 835 1047 ut
871 1002 1058 1046 ‘bucinus
1095 1002 1261 1046 bucina'
1300 1004 1354 1047 ad
1385 1003 1590 1048 Flauium
1622 1005 1674 1048 de

133 1074 248 1118 orth.
282 1076 418 1131 2243,
444 1076 484 1120 8.
510 1075 571 1132 Ρ.,
608 1075 708 1131 ‘layo
746 1076 923 1119 dicimus
960 1073 1128 1117 librum'
1167 1075 1220 1117 ad
1260 1074 1381 1131 Serg.
1420 1076 1590 1133 explan.
1623 1077 1669 1120 in

132 1145 245 1190 Don.
276 1147 375 1203 552,
395 1148 465 1190 26.
496 1147 563 1203 K„
596 1147 766 1202 ‘capere'
805 1147 859 1191 ad
897 1146 1016 1190 Seru.
1049 1146 1156 1188 Aen.
1192 1147 1228 1202 1,
1247 1147 1360 1203 396„
1399 1146 1588 1192 ‘melotis'
1621 1149 1675 1192 ad

131 1217 315 1261 Eucher.
345 1219 469 1262 instr.
495 1220 534 1274 2,
549 1220 635 1272 ,1Ο.,
668 1218 845 1274 ‘cyprus’
879 1218 932 1261 ad
965 1218 1135 1261 cantica
1165 1220 1434 1262 canticorum
1465 1220 1506 1276 4,
1525 1220 1566 1275 4,
1590 1221 1671 1276 14„

135 1288 426 1344 ‘yae-‘satorum'
458 1291 511 1333 ad
538 1289 663 1334 Oros.
693 1290 795 1333 hist.
827 1291 867 1344 4,
891 1291 956 1333 13.
987 1289 1233 1333 differentia
1263 1291 1379 1334 inter
1413 1292 1674 1335 ‘conscribere

134 1362 358 1404 ascribere
394 1361 503 1417 etc.',
541 1376 672 1418 quam
691 1362 895 1412 Isidorus
927 1362 979 1405 D.
1011 1360 1065 1404 V.
1102 1361 1159 1403 99
1193 1376 1215 1403 e
1253 1361 1430 1405 Placido
1472 1364 1675 1420 sumpsit,

135 1432 250 1488 apud
267 1432 532 1489 Agroecium
556 1433 607 1476 de
633 1433 747 1476 orth.
766 1434 897 1489 2268,
921 1434 985 1476 17.
1006 1433 1053 1476 Ρ.
1072 1433 1246 1488 legitur.
1289 1433 1473 1490 denique
1492 1465 1494 1468 ι
1512 1435 1672 1491 glossis

134 1503 303 1560 aliquot
335 1504 388 1548 ad
419 1504 656 1562 Virgilium
686 1505 1064 1561 interpretandum
1095 1504 1351 1560 compositis
1383 1519 1544 1562 magna
1576 1521 1673 1549 cum

135 1574 288 1618 Seruio
320 1576 525 1632 cognatio
558 1579 637 1631 est,
669 1576 790 1619 uelut
814 1576 973 1633 glossis
1000 1575 1146 1628 ‘embra
1174 1575 1292 1630 foret,
1323 1577 1529 1633 concilias,
1560 1576 1674 1633 (ἤθε’,

133 1648 182 1688 ut
214 1661 265 1689 ex
297 1647 448 1690 eodem
488 1647 610 1690 fonte
647 1648 906 1703 profluxisse
937 1647 1076 1691 uideri
1107 1648 1281 1703 possint
1310 1645 1383 1704 (cf.
1416 1647 1535 1692 Seru.
1566 1648 1674 1691 Aen.

137 1718 173 1773 1,
193 1718 263 1761 39.
299 1721 335 1772 1,
354 1719 454 1762 260.
490 1720 527 1775 1,
550 1719 616 1762 78.
649 1720 688 1774 2,
709 1717 840 1778 324.).

174 1817 176 1819 »
252 1787 456 1832 Ceterum
494 1805 596 1834 mox
635 1790 746 1834 alios
785 1790 1018 1846 scriptores
1057 1793 1101 1833 et
1138 1791 1257 1846 ipsos
1295 1791 1465 1834 Placidi
1502 1792 1674 1848 glossas

135 1860 190 1902 ad
228 1875 354 1903 usum
391 1876 516 1904 suum
553 1862 837 1917 conuertisse,
887 1876 997 1920 cum*
1020 1861 1101 1904 illa
1131 1862 1402 1918 praefatione
1434 1863 1490 1906 ad
1521 1864 1676 1907 antho-

132 1931 297 1988 logiam
334 1932 535 1987 latinam,
573 1948 704 1989 quam
742 1948 874 1989 supra
905 1934 1353 1990 commemorauimus,
1385 1935 1675 1991 cognoscitur,

132 2006 226 2045 tum
258 2004 456 2059 exemplo
484 2004 658 2061 Isidori,
690 2005 764 2061 qui
795 2005 956 2047 multas
990 2019 1138 2047 earum
1169 2005 1216 2048 in
1246 2020 1380 2064 opera
1411 2022 1510 2059 sua,
1540 2007 1674 2063 inpri-

131 2074 215 2116 mis
247 2073 294 2116 in
323 2074 459 2118 libros
491 2076 870 2132 etymologiarum,
902 2071 1029 2118 modo
1061 2076 1257 2132 integras
1290 2078 1418 2121 modo
1451 2079 1674 2122 breuiatas

133 2140 264 2187 modo
296 2148 449 2189 auctas
482 2147 724 2190 transtulit.
772 2147 967 2190 Isidorus
1006 2150 1154 2189 autem
1185 2162 1236 2190 eo
1268 2161 1426 2204 genere
1458 2149 1675 2192 librorum

131 2214 302 2259 Placidi
327 2218 589 2273 scriptorum
619 2234 722 2262 usus
748 2221 827 2275 est,
859 2218 974 2275 quod
1006 2219 1258 2262 auctoribus
1291 2219 1497 2275 glossarii
1523 2221 1674 2275 magni

131 2287 185 2329 ad
203 2302 379 2331 manum
399 2292 506 2345 erat,
538 2290 589 2333 cf.
617 2291 826 2346 caltulum,
856 2290 982 2346 exsul,
1011 2304 1167 2346 maryo,
1198 2291 1408 2347 Cicindela,
1431 2292 1573 2345 pullos
1593 2294 1672 2334 etc.

131 2361 262 2414 atque
300 2360 433 2403 etiam
471 2375 569 2403 cum
606 2361 652 2404 in
682 2361 850 2405 Placidi
887 2361 1013 2404 libris
1045 2376 1078 2404 s.
1109 2377 1149 2404 u.
1180 2362 1410 2405 diuortium
1439 2366 1558 2406 recte
1591 2363 1671 2406 dif-

130 2430 316 2473 ferentia
353 2431 467 2474 inter
506 2431 703 2475 ‘diuertit’
749 2436 793 2476 et
831 2431 1032 2476 ‘deuenit’
1077 2435 1316 2488 statuatur,
1359 2433 1406 2475 in
1443 2434 1670 2490 glossariis

132 2502 275 2543 autem
306 2501 426 2545 locus
458 2503 522 2545 ita
554 2504 612 2546 sit
643 2506 889 2560 corruptus,
925 2506 974 2546 ut
1012 2503 1126 2546 inter
1159 2503 1360 2547 ‘diuortit'
1394 2507 1438 2547 et
1469 2504 1671 2548 ‘diuertit’

133 2570 343 2628 distingui
375 2574 592 2629 uideatur,
625 2574 814 2618 Isidorus
847 2575 999 2618 eodem
1030 2575 1190 2618 codicis
1223 2575 1291 2618 sui
1323 2576 1433 2618 uitio
1466 2576 1670 2632 deceptus

131 2641 178 2683 in
210 2641 261 2684 D.
286 2641 339 2685 V.
362 2645 458 2687 147.
489 2645 603 2688 inter
623 2645 826 2689 ‘diuortit'
858 2649 903 2690 et
934 2645 1134 2690 ‘diuertit’
1154 2647 1492 2704 discrepantiam
1524 2648 1671 2703 inepte

130 2713 292 2768 posuit,
