1898 3294
755 188 1047 231 —17-

133 298 454 356 Conspisare
486 297 594 340 bene
626 296 809 339 dicimus
840 296 910 339 uel
943 294 996 338 ad
1028 295 1190 338 bonum
1223 293 1292 335 uel
1325 292 1379 335 ad
1412 292 1592 336 malum.

134 358 372 403 Cribrum
403 372 488 400 non
523 355 926 411 ε31·1111·113’,1131111·0
965 368 1122 411 genere
1155 353 1295 409 magis
1327 352 1509 396 dicimus
1546 366 1673 408 quam

195 418 450 462 masculino.

139 476 356 534 Coepta,
387 477 572 532 incepta.
609 474 850 530 composite
882 477 1035 516 mutat.

100 549 118 575 ο
140 535 330 582 Cancri
361 540 540 579 aestus
571 534 727 577 melius
748 533 907 576 dicitur
927 547 1057 590 quam
1075 530 1529 588 κρύος.331131·31·111111
1563 531 1678 573 enim

199 599 324 653 putet
355 595 478 652 quasi
510 597 709 650 putescat
740 593 832 649 ipse
865 607 1029 636 cancer.

138 654 409 700 concordo
442 658 486 697 et
517 653 823 707 concordor,
855 652 1071 709 quomodo
1105 651 1286 694 ‘fabrico
1313 654 1357 693 et
1388 649 1606 694 fabricor’.

138 714 510 759 Combusserit
551 713 771 770 geminato
814 727 857 755 ss
890 712 1133 755 scribimus.
1183 711 1289 754 facit
1320 711 1436 753 enim
1469 710 1677 753 comburo

198 774 431 818 combussi.

85 848 119 874 ιο
140 833 420 878 Centurias
452 836 598 888 partes
625 832 838 875 exercitus
864 832 1046 875 dicimus
1073 832 1118 874 in
1150 834 1355 874 centenos
1388 830 1550 874 milites
1571 829 1677 873 diui-

199 909 290 949 sas,
321 893 431 936 unde
452 896 496 935 et
516 892 589 948 qui
609 891 678 934 his
698 895 916 948 praesunt,
949 891 1286 935 centuriones
1318 890 1529 933 dicuntur.
1575 903 1680 945 ergo

200 952 586 996 succenturiati
619 955 732 1006 sunt,
762 966 850 994 non
870 952 943 1008 qui
970 952 1015 994 in
1034 951 1187 1007 prima,
1220 950 1294 993 sed
1314 950 1386 1006 qui
1420 950 1466 992 in
1499 953 1683 992 secunda

201 1012 396 1055 centuria
434 1014 553 1066 sunt,
591 1011 715 1067 quasi
755 1011 833 1054 sub
872 1012 1013 1067 prima
1045 1011 1251 1053 centuria.
1302 1013 1449 1052 tamen
1482 1009 1683 1052 instructi

202 1072 335 1115 etiam
365 1071 448 1127 ipsi
482 1074 526 1114 et
557 1071 603 1113 in
634 1070 821 1126 speculis
853 1071 988 1127 positi
1020 1070 1066 1113 in
1097 1070 1213 1113 bello
1247 1072 1360 1124 sunt,
1391 1073 1452 1124 ut,
1483 1070 1520 1123 si
1552 1069 1682 1124 primi
1726 1096 1730 1098 -

91 1144 123 1170 15
200 1131 454 1186 defecerint,
491 1131 567 1173 isti
599 1145 706 1187 quos
739 1130 916 1173 subesse
948 1130 1154 1185 diximus,
1194 1129 1496 1173 laborantibus
1530 1128 1683 1184 primis

202 1187 494 1234 subueniant.
515 1190 626 1233 unde
652 1193 696 1233 et
722 1190 775 1232 ad
801 1190 1093 1233 insidiandum
1124 1189 1300 1245 ponitur
1339 1188 1683 1231 succenturiatus

203 1250 328 1308 quasi
360 1250 492 1299 armis
525 1250 687 1293 dolosis
720 1250 976 1294 instructus.-

143 1309 368 1354 Caelebs
400 1325 478 1365 per
508 1310 536 1352 b
558 1309 800 1353 scribimus.
838 1310 900 1352 313
931 1309 1002 1352 1113
1034 1295 1206 1352 33313113
1239 1309 1417 1352 caelibis
1450 1307 1606 1350 caelibi
1638 1307 1685 1350 hi

205 1370 394 1413 caelibes
414 1369 661 1413 accusatiuo
682 1369 870 1412 caelibes
893 1383 983 1412 uoc.
1021 1369 1223 1412 caelibes.
1255 1372 1343 1411 tres
1365 1368 1533 1411 scilicet
1553 1367 1687 1410 habet

91 1443 126 1468 20
205 1430 251 1472 in
292 1443 472 1472 numero
514 1428 687 1484 plurali,
731 1431 776 1471 et
822 1429 860 1471 si
903 1428 1217 1485 etymologiam
1262 1443 1463 1484 quaeras,
1513 1427 1685 1470 caelebs

205 1489 365 1532 dicitur
398 1489 523 1545 quasi
554 1489 675 1532 caelo
707 1488 874 1531 beatus.
1513 1510 1515 1514 ·

145 1547 453 1592 Censorium
484 1563 561 1604 per
580 1548 594 1590 i
615 1548 857 1603 scribimus,
887 1563 975 1591 non
995 1563 1072 1604 per
1103 1563 1137 1591 e.
1176 1551 1243 1590 est
1275 1550 1420 1590 autem
1454 1547 1689 1601 censorius,

205 1608 280 1664 qui
305 1608 461 1664 dignus
488 1611 567 1663 est,
598 1611 647 1650 ut
672 1607 731 1650 sit
756 1622 908 1651 censor
927 1608 996 1651 uel
1018 1608 1091 1664 qui
1110 1608 1199 1650 iam
1230 1607 1324 1651 fuit.
1373 1607 1485 1662 apud
1517 1610 1686 1649 ueteres

206 1668 321 1710 enim
352 1667 572 1710 Romanos
614 1681 820 1723 magnum
859 1670 952 1710 erat
989 1682 1148 1710 nomen
1178 1667 1369 1710 censoris
1402 1670 1446 1708 et
1477 1667 1685 1722 dignitas,

96 1739 130 1765 55
210 1727 253 1769 id
285 1730 351 1769 est
382 1727 536 1782 iudicis
573 1730 666 1770 tam
704 1727 1065 1782 patrimoniorum
1104 1742 1235 1783 quam
1275 1741 1454 1769 morum.
1513 1740 1686 1768 censere

211 1786 326 1829 enim
357 1786 545 1829 iudicare
577 1789 656 1829 est.

149 1844 395 1889 Collocat
426 1846 582 1890 melius
601 1846 784 1889 dicimus
804 1861 882 1903 per
901 1848 928 1891 l.
976 1861 1079 1890 nam
1106 1846 1282 1889 mollior
1309 1849 1353 1888 et
1384 1846 1526 1888 lenior
1558 1860 1689 1888 3011113

244 1992 266 2024 2
293 1988 434 2025 cribrus
454 2000 500 2035 p:
533 1987 711 2024 ciribrum
739 1989 790 2032 P,
822 1987 986 2025 cribrum
1012 1989 1054 2032 b,
1088 1987 1193 2025 cibus
1219 2000 1243 2024 a
1387 1992 1409 2023 4
1434 1988 1609 2043 incepta
1614 1987 1690 2022 Pa:

149 2036 325 2082 incoepta
349 2036 393 2072 bv
501 2040 522 2071 5
550 2047 654 2082 cryos
683 2037 734 2072 Ρ·
761 2036 929 2072 cancrios
954 2037 993 2082 b,
1013 2046 1166 2071 cancros
1193 2047 1250 2080 va,
1275 2035 1361 2079 fort.
1390 2035 1514 2071 cancri
1540 2032 1653 2080 κρύος
1682 2036 1685 2081 '1

150 2083 377 2120 canti-arium
404 2084 436 2119 G
554 2087 574 2119 7
601 2084 801 2138 concordo]
827 2084 983 2129 qlossam
1008 2095 1075 2119 om.
1105 2084 1193 2119 Mai
1313 2088 1334 2119 8
1362 2094 1397 2118 ss
1424 2083 1525 2119 sz·
1558 2095 1574 2117 s
1600 2083 1645 2117 H

151 2135 193 2166 13
219 2131 288 2167 sub
315 2131 406 2167 HG:
433 2142 499 2177 pro
525 2131 562 2166 R
697 2135 741 2166 14
766 2131 839 2178 ipsi
864 2133 903 2167 et
930 2131 1042 2167 [πῶς
1068 2130 1141 2177 ipsi
1168 2131 1255 2172 libri
1384 2134 1428 2166 15
1455 2131 1607 2166 subesse
1634 2130 1686 2164 G:

149 2178 220 2214 sub
244 2189 284 2214 33
314 2178 374 2224 ΡΙ
396 2178 553 2214 dicimus
580 2179 611 2214 C
731 2182 774 2214 18
801 2178 932 2215 Celebs
962 2179 1012 2214 Ρ.
1038 2177 1184 2214 Celibes
1211 2178 1245 2213 G
1273 2181 1277 2221 Ι
1310 2178 1363 2214 313
1388 2178 1450 2214 1113
1476 2178 1526 2214 G:
1552 2178 1614 2213 hic
1641 2177 1692 2220 H,

149 2237 216 2262 om.
243 2225 280 2262 R
379 2230 421 2262 19
441 2237 520 2262 uoc.
542 2226 598 2262 R.
625 2237 647 2262 0
673 2226 719 2270 G,
738 2236 804 2262 om.
833 2226 877 2261 H
894 2228 900 2272 Ι
922 2225 1068 2262 scilicet
1093 2226 1127 2261 G
1147 2227 1270 2270 (casus
1289 2227 1353 2271 m).
1383 2238 1399 2261 s
1422 2226 1459 2260 P
1553 2229 1598 2261 22
1625 2236 1693 2271 per

150 2273 164 2309 i
190 2273 386 2310 scribimus
411 2285 485 2310 non
516 2285 583 2320 per
606 2285 626 2310 e
652 2273 776 2310 vaa:
809 2285 876 2320 per
900 2286 917 2309 s
942 2273 1140 2310 scribimus
1165 2285 1239 2309 non
1264 2285 1330 2320 per
1355 2284 1375 2309 3
1402 2273 1459 2318 Η,
1484 2285 1551 2319 per
1577 2273 1590 2308 i
1616 2283 1688 2308 non

149 2320 841 2423 {iriidissssfiimu⁸1m2thss¹t¹ssffmin
874 2321 1176 2407 “ng'ss‘ffuffierss'ss‘f’
1203 2321 1408 2405 8ιῖἒίῗέᾣῖ
1426 2332 1563 2413 ¹333?
1588 2332 1690 2404 ’ἷζε

148 2415 309 2452 miorum
339 2381 676 2463 (patrlimmi'iorum)
707 2418 761 2452 sic
782 2417 824 2452 H
863 2381 892 2415 P
989 2421 1033 2453 27
1060 2428 1147 2453 nam
1153 2381 1228 2452 Rp:
1254 2428 1321 2452 om.
1346 2416 1420 2452 HG
1448 2419 1452 2460 1
1489 2381 1609 2452 1311101ἶ
1634 2416 1691 2451 H.

150 2463 269 2500 leuior
293 2463 341 2509 R,
368 2464 570 2511 procliuior
595 2464 629 2500 G

245 2539 266 2570 2
294 2534 471 2583 cribrum]
513 2536 639 2571 Plaut.
678 2535 922 2580 Rud.1‚,214
944 2539 1006 2572 etc.
1105 2540 1127 2572 4
1159 2536 1309 2582 coepta]
1341 2536 1389 2580 cf.
1421 2535 1511 2571 Bed.
1533 2536 1576 2571 de
1594 2535 1690 2571 orm

151 2585 245 2617 2832
247 2586 317 2627 ‚.35
339 2583 383 2619 P.
511 2587 532 2618 5
559 2583 684 2619 cancri
709 2584 852 2630 aestus]
879 2583 1016 2619 Locum
1041 2584 1094 2619 sic
1119 2583 1394 2640 intelliyendum
1420 2594 1492 2619 esse
1511 2584 1631 2618 arbitr
1632 2594 1692 2618 or

152 2628 435 2674 Siynificmttius
475 2630 616 2667 ‘cancri
646 2631 784 2668 aestus’
825 2631 964 2667 dicitur
1000 2643 1111 2676 quam
1148 2628 1292 2676 ‘novoe’
1319 2631 1361 2667 id
1394 2635 1445 2667 est
1476 2631 1616 2675 frique,
1653 2642 1692 2665 eo

153 2677 250 2722 quod
267 2677 379 2713 huius
396 2678 529 2714 ulceris
547 2679 666 2715 calore
685 2679 861 2723 efficitur,
887 2682 929 2714 ut
948 2680 1183 2715 camerarium
1207 2679 1248 2714 id
1266 2681 1317 2714 est
1342 2689 1557 2714 caneeroma
1580 2689 1691 2723 aeque

152 2725 302 2768 foeteat,
327 2735 371 2760 ac
393 2726 427 2760 si
450 2726 529 2771 ipse
552 2737 681 2762 cancer
705 2726 747 2762 id
770 2729 821 2762 est
846 2727 987 2762 animal
1009 2730 1206 2772 putrescat.
1342 2730 1387 2761 10
1413 2725 1618 2771 centurias]
1647 2742 1690 2754 =

155 2772 250 2807 Isia.
271 2775 399 2816 9,3,48.
421 2773 471 2818 cf.
503 2773 603 2810 Fest.
631 2774 740 2810 Paul.
767 2777 883 2818 63,12.
909 2774 1008 2809 Non.
1035 2778 1151 2817 520‚4.
1299 2778 1342 2810 18
1369 2773 1533 2819 33313113]
1564 2773 1692 2808 Plaut.

156 2818 238 2855 Cas.
265 2823 393 2863 2,4‚11.
419 2823 481 2856 etc.
508 2820 608 2856 Fest.
643 2821 754 2857 Paul.
781 2825 875 2863 44,5.
927 2820 1118 2858 Caelibem
1148 2820 1290 2857 dictum
1323 2821 1558 2864 existimant,
1591 2820 1691 2866 quod

155 2866 310 2912 dignam
336 2866 440 2903 caelo
465 2866 585 2903 uitam
609 2869 717 2915 agat:
737 2868 784 2912 cf.
806 2869 903 2905 Isid.
924 2872 1040 2912 10‚34.
1061 2871 1094 2904 et
1113 2868 1330 2905 Caelibatus
1343 2881 1384 2914 p.
1408 2873 1463 2905 18.
1537 2872 1582 2903 22
1609 2879 1691 2904 3311-

155 2914 312 2997 ἓοέἰῖιηι]
339 2915 385 2958 cf.
413 2914 507 2950 laid.
534 2918 662 2960 9,4‚13.
688 2918 721 2950 et
745 2914 923 2952 Censores
942 2927 982 2962 p.
997 2919 1042 2951 23
1140 2919 1184 2952 27
1211 2916 1389 2962 collocat]
1427 2916 1552 2951 Plaut.
1588 2915 1691 2950 Men.

230 3030 359 3056 Luctatii
381 3030 493 3056 Placidi
514 3032 694 3062 grammatici
716 3031 838 3061 alonae.
1385 3027 1405 3060 2
