1898 3294
879 192 932 199 ..a
997 171 1052 212 56
1115 159 1191 201 ss‘

258 272 459 314 Insulae
493 276 592 315 sunt
624 277 877 317 ornamenta
896 276 1087 318 omnium
1118 276 1330 319 honorum
1363 280 1406 319 et
1437 278 1712 335 dignitatum,
1742 282 1786 323 et

320 346 528 386 equorum
561 332 765 387 ephippia
796 334 886 376 siue
919 335 1042 377 freni.

261 390 279 430 Ι
287 390 409 445 nglu
419 391 544 445 mes,
577 392 680 446 gula
711 392 780 434 uel
813 394 1040 437 uoracitas.

259 449 752 503 Impraesentiarum
785 467 862 506 pro
896 451 955 494 ‘in
987 453 1231 507 praesenti'.

226 521 242 544 5
262 508 558 551 insectandi
592 513 641 551 et
673 511 1034 566 compellandi⁷
1066 527 1162 554 cum
1193 513 1349 555 iniuria
1381 514 1639 569 appellandi.

260 566 466 622 Iudiges
505 568 661 610 dicitnr
699 570 914 612 interdum
950 571 1212 626 hemitheus‚
1255 575 1304 614 ut
1342 588 1472 627 supra
1510 573 1671 616 dictum
1709 577 1787 630 est,

320 626 373 668 ab
394 626 624 681 indigendo
646 628 887 671 diuinitate.
937 630 1008 684 qui
1029 645 1125 672 cum
1149 631 1345 673 homines
1379 633 1558 687 fuerint,
1589 633 1788 676 dicuntur

319 689 464 727 tamen
478 685 625 728 diuini.
657 687 803 729 dicunt
823 689 954 730 etiarn
975 689 1148 743 quidam
1168 689 1426 744 indigetes
1448 691 1548 734 deos
1568 693 1787 748 naturales

321 747 364 785 et
396 745 602 787 caelestes
636 761 660 787 a
692 741 927 802 contrario,
961 748 1073 802 quod
1103 749 1235 790 nullis
1267 748 1504 804 indigeant.

210 816 242 839 10
261 802 463 858 Itidem,
494 804 650 846 iterum
683 807 810 860 atque
842 806 1011 848 iterum.
1060 807 1275 849 interdum
1306 811 1350 850 et
1380 823 1457 863 pro
1491 808 1734 853 ‘similiter'.
1768 857 1773 862 ,

261 862 318 904 In
356 865 596 905 aeternae
635 863 777 906 uitae
815 865 1080 920 crepidine
1117 866 1382 921 fundatus,
1420 868 1465 909 in
1503 868 1587 911 fine
1619 872 1663 911 et
1693 884 1788 924 pro-

320 921 561 976 pinquitate
595 923 710 964 uitae
743 926 941 966 aeternae
974 925 1293 967 constabilitus,

261 979 654 1036 Inextricabile,
699 983 995 1037 inresolubile,
1040 984 1152 1039 quod
1195 999 1428 1040 numquam
1471 986 1630 1030 finitur.
1685 987 1790 1030 facit

321 1040 574 1082 aduerbium
606 1039 1010 1084 ‘inextricabiliter'.

210 1110 241 1135 15
262 1098 512 1153 Insignit‚
550 1100 719 1154 insigne
757 1100 863 1143 facit
900 1102 970 1143 uel
1003 1102 1173 1157 signum
1206 1102 1408 1158 imponit,
1439 1104 1701 1147 translatum
1733 1105 1787 1148 ab
1820 1148 1827 1151 ,

321 1157 599 1213 animalibus,
631 1174 739 1213 quae
770 1162 874 1202 nota
905 1161 1143 1215 signantur.

261 1215 626 1259 Immensorum
657 1218 1017 1261 thesaurorum
1048 1221 1159 1262 ratio
1179 1220 1350 1275 quidem
1371 1221 1488 1276 facit,
1520 1222 1594 1273 sed
1614 1226 1790 1278 propter

321 1275 580 1330 euphoniam
612 1276 900 1320 ‘immensum'
932 1279 1051 1321 dixit.

261 1334 549 1388 Infarsisti,
580 1337 816 1390 repleuisti.

208 1405 242 1429 20
260 1393 317 1435 In
350 1394 595 1449 speculis,
626 1395 670 1437 in
703 1396 949 1450 aspectibus
982 1398 1050 1439 uel
1082 1397 1127 1439 in
1158 1397 1337 1441 uisibus.

261 1451 500 1508 Infercis,
532 1454 686 1508 reples.

261 1510 593 1568 Intemerare‚
625 1514 750 1555 ualde
783 1515 1050 1571 contingere,
1082 1516 1151 1558 uel
1184 1517 1384 1571 populari
1417 1520 1544 1572 atque
1577 1522 1760 1561 uastare.

262 1570 529 1625 iuuentus,
561 1572 818 1628 iuuentaS,
837 1574 1065 1617 iuuenta.
1103 1575 1301 1618 iuuentus
1323 1576 1522 1618 iuuenum
1544 1577 1790 1620 multitudo.

321 1631 519 1672 iuuentas
541 1631 619 1673 dea
638 1632 888 1674 iuuentutis.
926 1634 1103 1676 iuuenta
1132 1635 1228 1689 ipsa
1258 1638 1409 1677 nostra
1435 1639 1556 1678 aetas
1588 1639 1666 1679 est.
1716 1637 1811 1694 sed-

209 1700 244 1726 25
321 1690 461 1731 nostri
492 1689 538 1731 in
569 1691 786 1746 plerisque
819 1691 927 1734 locis
959 1693 1087 1735 aliter
1118 1698 1364 1748 posuerunt.

360 1822 375 1851 1
405 1817 527 1853 Insule
560 1819 614 1861 G!
637 1819 818 1854 honorum
850 1820 1012 1856 omnium
1038 1834 1160 1857 rerum
1193 1823 1231 1857 et
1261 1821 1487 1866 dignitatum
1509 1823 1543 1858 G
1638 1828 1659 1858 2
1685 1823 1790 1867 freni,

263 1864 373 1899 aliter
399 1864 543 1910 epithia
567 1865 603 1901 R
700 1870 721 1901 4
746 1866 783 1901 in
810 1868 997 1912 praesenti
1023 1869 1075 1904 G:
1101 1868 1341 1914 impraesenti
1363 1869 1401 1902 P
1494 1875 1514 1904 5
1541 1871 1791 1916 compellandi

263 1911 341 1946 Hv:
369 1912 614 1957 compellendi
639 1913 732 1948 Rmr
828 1919 847 1949 7
874 1914 1072 1950 diuinitate
1097 1916 1149 1951 R:
1176 1915 1410 1951 diuinitatem
1438 1930 1465 1951 ω
1489 1923 1495 1960 1
1516 1916 1689 1953 dicuntur
1707 1930 1790 1954 nos:

263 1957 490 2003 indiguerint
509 1958 682 1995 dicuntur
703 1960 740 2004 (J,
762 1961 1096 2007 indiguerintHR,
1116 1963 1355 2009 indiguerunt
1375 1963 1407 1998 G
1505 1968 1526 1998 8
1546 1964 1683 2000 diuinis
1703 1966 1791 2002 libri

266 2005 270 2051 Ι
292 2005 476 2051 indigetes
493 2007 536 2041 C:
563 2007 773 2053 indigentes
799 2009 913 2044 HRG
1029 2015 1072 2046 10
1098 2009 1283 2047 interdum
1309 2011 1348 2045 et
1373 2022 1439 2055 pro
1465 2011 1637 2047 similiter
1661 2024 1726 2049 orn.
1755 2014 1788 2049 G

266 2057 305 2087 11
329 2052 506 2088 fundatus
532 2054 598 2089 Gv:
625 2055 697 2090 fuit
722 2055 832 2091 datus
859 2057 936 2091 HR
1035 2062 1077 2093 12
1104 2057 1362 2093 constabilitus
1389 2057 1454 2093 Uv:
1481 2059 1724 2095 constabilius
1742 2057 1790 2107 R,

263 2099 460 2136 constabili
486 2101 529 2135 H
624 2106 665 2137 13
692 2102 930 2139 inresolubile
957 2105 1051 2140 HG:
1078 2105 1156 2140 iure
1182 2104 1339 2140 solubile
1366 2105 1404 2149 C,
1437 2116 1503 2140 om.
1530 2106 1566 2140 R
1663 2111 1705 2142 17
1733 2109 1789 2144 In-

264 2159 450 2183 menseum
480 2148 511 2183 G
647 2153 689 2185 18
716 2150 939 2186 Inmensium
967 2152 998 2186 (1
1133 2157 1176 2188 19
1208 2151 1389 2187 Infarsisti
1426 2153 1470 2187 C:
1503 2153 1681 2190 Infersisti
1707 2155 1789 2200 BG,

263 2194 446 2230 Infercisti
472 2196 515 2230 H
533 2197 538 2239 Ι
561 2196 753 2241 repleuisti
780 2198 823 2233 C:
849 2199 1002 2243 replesti
1029 2213 1056 2233 m
1166 2204 1207 2235 21
1238 2199 1386 2235 Infertis
1413 2199 1444 2234 C
1551 2205 1594 2236 23
1622 2201 1791 2238 iuuentas

262 2242 315 2276 R:
342 2242 516 2278 iuuentus
541 2243 592 2287 H,
618 2255 683 2278 om.
711 2256 731 2279 v
829 2249 874 2280 24
899 2245 1054 2282 iubenta
1078 2246 1148 2282 dea
1167 2268 1210 2272 —
1230 2246 1404 2281 iubentas
1429 2246 1509 2292 ipsa
1535 2259 1554 2282 υ

358 2294 378 2323 3
405 2289 607 2336 ingluuies]
648 2291 746 2326 Fest.
787 2292 896 2327 Paul.
939 2297 1051 2337 11252.
1092 2293 1194 2328 Seru.
1233 2297 1265 2328 et
1306 2293 1474 2338 Philary.
1513 2294 1641 2340 θεον-9.
1673 2300 1788 2340 3,431.

266 2337 357 2371 Isid.
388 2340 524 2380 10,138.
641 2343 661 2373 6
686 2338 847 2385 indiges]
873 2340 977 2375 Seru.
1004 2342 1094 2377 Aen.
1117 2345 1254 2385 12‚794.
1290 2341 1338 2375 Et
1362 2340 1547 2386 indigetes
1571 2342 1624 2377 dii
1649 2343 1791 2389 duplici

263 2383 407 2419 ratione
435 2383 608 2420 dicuntur
640 2385 701 2420 uel
735 2387 935 2422 secundum
962 2387 1192 2433 Lucretium,
1220 2388 1318 2434 quod
1343 2387 1482 2423 nullius
1507 2389 1558 2423 rei
1586 2394 1765 2435 egeant..
1782 2421 1790 2428 .

264 2430 341 2477 [uel
367 2431 465 2476 quod
490 2443 557 2467 nos
582 2432 736 2468 deorum
762 2433 1010 2479 indigeamus,
1042 2435 1139 2470 unde
1165 2435 1315 2481 qnidam
1343 2446 1468 2471 omnes
1493 2435 1581 2471 deos
1607 2437 1791 2484 indigetes

263 2477 447 2523 appellari
473 2479 613 2515 uolunt.
658 2479 723 2515 alii
754 2480 894 2526 patrios
920 2482 1008 2517 deos
1033 2482 1216 2528 indigetes
1241 2482 1314 2518 dici
1346 2482 1478 2518 debere
1511 2484 1673 2519 tradunt.
1724 2486 1791 2522 alii

266 2526 312 2560 ab
345 2525 579 2562 inuocatione
615 2526 800 2572 indigetes
833 2528 952 2564 dictos
984 2529 1134 2574 uolunt,
1173 2529 1274 2575 quod
1298 2528 1465 2575 indigeto
1498 2533 1555 2566 est
1589 2543 1718 2577 precor
1752 2536 1791 2570 ct

264 2573 426 2625 inuocoJ.
447 2573 507 2608 uel
528 2575 625 2609 certe
639 2573 825 2620 indigetes
847 2576 948 2621 [sunt
967 2576 1019 2612 dii
1032 2577 1307 2617 exshominibus
1330 2576 1437 2612 facti:
1459 2578 1496 2612 ct
1515 2577 1566 2613 dii
1587 2577 1787 2627 indigetes]

265 2619 371 2665 qnasi
395 2631 433 2654 in
462 2620 532 2656 diis
557 2622 720 2666 agentes.
754 2623 798 2666 cf.
825 2624 929 2658 eund.
958 2624 1084 2670 Geory.
1113 2628 1227 2668 1,498.
1255 2624 1421 2659 Macrob.
1446 2635 1531 2659 som.
1558 2625 1658 2672 Scip.
1685 2631 1786 2673 1,9,7.

267 2671 310 2702 15
347 2666 519 2714 insignit]
558 2668 655 2703 Fest.
699 2669 808 2706 Paul.
850 2674 960 2715 114‚7.
999 2671 1097 2707 Non.
1131 2675 1269 2716 130,22.
1300 2671 1403 2707 Seru.
1448 2672 1538 2707 Aen.
1581 2678 1717 2719 11,386.

269 2718 309 2749 17
335 2714 615 2761 immensorum]
642 2727 667 2751 u
698 2717 810 2760 Neue,
831 2717 1015 2753 Formenl.
1041 2719 1075 2754 d.
1097 2719 1118 2754 l.
1141 2721 1224 2763 Spr.
1244 2719 1289 2763 Π,
1304 2730 1344 2763 p.
1367 2722 1420 2754 17.
1437 2722 1491 2755 70.
1591 2725 1634 2756 23
1660 2721 1787 2757 iuuen-

266 2761 339 2806 tus]
368 2762 461 2796 Isid.
489 2762 536 2797 D.
571 2763 611 2797 V.
638 2767 717 2798 310.
745 2764 920 2800 quentus
947 2767 1004 2801 est
1027 2766 1203 2801 iuuenum
1228 2765 1440 2810 multitude,
1466 2765 1638 2804 iuuentae
1662 2770 1788 2805 aulem

266 2809 336 2843 dea
349 2808 563 2845 iuuentutis.
597 2810 751 2846 iuuenta
763 2823 850 2847 uero
863 2812 974 2848 decus
992 2813 1197 2849 iuuentutis
1217 2814 1255 2848 et
1271 2813 1356 2858 ipsa
1379 2815 1494 2849 aetas.
1530 2814 1595 2850 sed
1619 2817 1788 2852 auctores

267 2855 382 2891 nostri
406 2855 446 2891 in
471 2856 655 2902 plerisque
682 2858 773 2893 locis
799 2858 908 2895 aliter
932 2862 1141 2905 posuerunt.
1180 2861 1225 2904 cf.
1255 2860 1365 2896 Prob.
1393 2862 1559 2906 Append.
1580 2866 1718 2908 200,17.
1737 2864 1786 2900 K.

269 2903 365 2939 Suet.
395 2903 501 2940 Prat.
535 2904 576 2939 V.
602 2905 695 2950 Diffi
723 2909 861 2951 274,10.
887 2907 990 2943 Seru.
1018 2908 1109 2944 Aen.
1139 2911 1249 2954 1‚590.
1276 2908 1375 2945 Non.
1401 2912 1539 2954 433,13.
