1898 3294
813 206 864 210 -
930 193 1010 224 VIII
1065 187 1128 211 ’-

930 366 1006 410 ΙΙΙ.

514 470 578 505 De
608 468 792 505 Placido
825 468 1149 514 glossematum
1181 469 1412 515 scriptore.

322 567 372 610 In
403 569 671 623 praefatione
703 569 757 611 ad
789 568 978 611 Statium
1010 569 1322 625 Tiliobroga
1353 569 1525 623 statuit,
1556 570 1727 624 glossas

204 639 405 693 antiquas
443 639 559 694 illas,
598 655 706 695 quae
745 640 822 681 sub
860 639 1033 682 nomine
1070 639 1236 693 Placidi
1274 640 1664 694 circumferrentur,
1701 655 1728 682 a

202 708 402 751 Luctatio
437 710 567 752 Statii
605 712 942 752 commentatore
981 709 1165 764 scriptas
1204 725 1309 752 esse.
1363 710 1470 752 haec
1502 710 1728 764 sententia,

203 795 331 834 quam
363 781 531 823 Maius
563 784 733 823 secutus
767 783 833 822 est
851 779 936 836 (Ol.
968 780 1018 822 A.
1049 783 1080 822 t.
1112 779 1184 823 VI.
1217 796 1257 835 p.
1289 780 1419 836 553.),
1451 781 1595 823 codice
1627 779 1728 823 Cor-

202 850 324 892 siano
356 852 529 907 egregie
562 853 853 894 confirmatur.
890 851 960 892 hic
986 851 1101 893 enim
1133 851 1194 893 sic
1225 851 1464 893 exorditur:
1497 851 1728 905 ‘Incipiunt

197 921 354 974 ylossae
384 923 567 965 Iawtatii
591 923 755 965 Placidi
779 923 1044 976 yrawzmatiol
1075 922 1120 962 rin
1151 922 1298 963 Plauti
1321 921 1559 964 comoedias’
1592 924 1636 964 et
1665 922 1756 964 ita'

202 992 396 1046 explicit:
429 993 625 1036 ‘Finizmt
649 994 807 1048 ylossae
843 994 1027 1047 chelavtii
1056 993 1222 1035 Placidi
1247 992 1538 1046 yrammatici’.
1591 1007 1730 1048 neque

202 1077 304 1105 uero
336 1065 651 1119 commentarii,
682 1079 789 1119 quos
821 1064 1044 1106 Luctatius
1084 1064 1192 1118 siue,
1231 1065 1278 1104 ut
1316 1063 1392 1105 alii
1429 1063 1614 1118 malunt,
1651 1063 1730 1106 La-

201 1135 388 1176 ctantius
409 1135 453 1176 in
474 1134 601 1177 Statii
628 1138 829 1190 poemata
859 1135 1114 1189 composuit,
1144 1149 1281 1189 neque
1314 1137 1569 1189 argumenta
1598 1137 1730 1176 meta-

202 1205 491 1259 morphoseon
534 1206 695 1259 Ouidii,
745 1196 852 1260 qu‘ae
895 1206 948 1247 ad
991 1205 1171 1247 eundem
1215 1207 1433 1248 auctorem
1475 1205 1730 1259 referuntur,

201 1290 339 1330 neque
377 1291 444 1331 ea,
483 1291 590 1331 quae
627 1275 792 1318 Maius
831 1290 883 1317 ex
919 1275 1239 1331 mythographo
1272 1290 1486 1330 anonymo
1518 1275 1563 1317 in
1595 1273 1731 1317 class.

201 1346 253 1387 A.
284 1348 314 1388 t.
333 1345 411 1389 III.
436 1362 476 1401 p.
497 1347 702 1389 83—160
720 1347 944 1401 publicata
974 1347 1112 1389 eidem
1144 1346 1311 1388 auctori
1342 1346 1551 1388 adscribit
1581 1343 1731 1402 (praef.

201 1431 242 1470 p.
262 1416 389 1472 VII.)‚
420 1417 482 1459 ita
509 1417 748 1472 composita
766 1417 978 1472 uidentur,
1011 1420 1059 1459 ut
1078 1417 1258 1459 eundem
1291 1417 1531 1472 glossarum
1563 1430 1731 1472 quoque

202 1487 459 1541 scriptorem
478 1488 611 1530 fuisse
624 1502 843 1543 negemus,
861 1489 1116 1542 praesertim
1137 1503 1232 1530 cum
1250 1488 1392 1529 nullus
1414 1487 1525 1530 alius
1545 1488 1733 1543 scriptor

203 1557 391 1600 eiusdem
422 1558 610 1600 nominis
629 1561 759 1600 notus
781 1559 849 1600 sit.
887 1558 993 1600 adde
1015 1559 1127 1613 quod
1157 1558 1369 1600 Placidus·
1390 1558 1731 1614 glossographus

202 1644 335 1684 aeque
367 1630 451 1671 fuit
483 1629 741 1671 christianus
774 1644 823 1671 ac
855 1629 986 1671 Statii
1012 1630 1342 1671 commentator:
1373 1643 1474 1670 nam
1505 1632 1554 1671 ut
1584 1629 1655 1671 hic
1685 1630 1731 1671 in

203 1700 338 1742 Theb.
373 1702 409 1755 1,
444 1701 539 1743 140.
570 1701 621 1742 de
652 1700 834 1755 paganis
867 1701 1076 1754 loquitur,
1109 1700 1170 1742 sic
1201 1699 1276 1741 ille
1309 1715 1342 1741 s,
1373 1715 1441 1741 uu.
1473 1698 1731 1753 ‘auspicium‚

195 1764 309 1826 echo,
340 1771 481 1825 horus,
520 1771 701 1822 libitina,
730 1771 850 1825 pan),
887 1771 1084 1825 idemque
1115 1770 1317 1812 Plautum
1350 1785 1382 1811 s.
1413 1786 1453 1813 u.
1486 1769 1730 1812 ‘exanclare'

203 1843 464 1884 saecularem
495 1845 668 1896 poetam
699 1842 905 1883 nominat.

310 1913 441 1956 Statii
449 1915 830 1955 commentatorem
839 1913 1075 1967 posteriore
1084 1915 1226 1954 aetate
1236 1911 1430 1953 floruisse
1442 1912 1481 1953 T
1484 1913 1499 1953 ἱ
1507 1912 1521 1954 l
1530 1912 1573 1954 io
1582 1911 1605 1954 b
1612 1925 1730 1966 roya

203 1987 318 2026 recte
351 1984 524 2026 statuit:
551 1998 659 2037 *eum
698 1984 812 2025 enim
850 1999 900 2025 ex
931 1980 1111 2038 Hygino
1151 1982 1301 2025 Seruio
1332 1981 1563 2037 Fulgentio
1593 1982 1733 2025 multa

203 2055 482 2110 descripsisse
503 2057 557 2108 et,
588 2057 636 2096 ut
656 2055 706 2096 de
725 2054 905 2109 reliquis
930 2068 1017 2095 non
1035 2057 1149 2095 esset
1180 2053 1472 2108 dubitandum,
1503 2053 1732 2109 Fulgentio

160 2127 172 2162 ι’
203 2127 374 2181 quidem
425 2140 519 2168 eum
571 2125 819 2167 inferiorem
867 2125 1024 2167 idcirco
1081 2121 1412 2166 existimandum
1463 2138 1571 2178 esse,
1621 2123 1733 2178 quod

203 2197 403 2240 Boetium
434 2197 590 2239 citaret
621 2198 664 2238 et
697 2196 935 2249 Sedulium,
967 2196 1039 2250 cjui
1073 2195 1221 2237 eodem
1252 2195 1341 2236 fere
1373 2209 1469 2236 cum
1500 2194 1732 2249 Fulgentio

203 2269 374 2310 saeculo
382 2268 604 2310 uixissent.
623 2267 696 2310 He
706 2281 918 2308 rmannu
927 2282 946 2308 s
959 2280 1126 2321 quoque
1135 2265 1169 2307 S
1174 2265 1258 2307 cho
1269 2265 1424 2319 ttkyin
1438 2265 1731 2319 disputatione

203 2339 254 2381 de
285 2339 427 2394 pretio
459 2337 734 2380 Lactantiani
781 2337 826 2378 in
859 2336 1123 2379 Thebaidem
1167 2336 1466 2378 commentarii
1507 2335 1732 2377 Placidum

204 2410 353 2465 quinto
385 2409 556 2452 saeculo
588 2411 689 2463 post
720 2407 941 2450 Christum
971 2407 1131 2449 uixisse
1163 2406 1429 2461 argumentis
1461 2406 1733 2448 confirmauit

204 2479 408 2538 (Teuffel,
438 2480 489 2523 R.
510 2479 635 2535 ·Litg.
670 2480 795 2522 1870.
827 2479 924 2534 303,
956 2477 1026 2534 9.).
1071 2478 1261 2520 eiusdem
1291 2478 1381 2519 fere
1413 2477 1568 2519 aetatis
1600 2477 1732 2518 etiam

202 2553 401 2594 nostrum
432 2550 798 2606 glossographum
835 2549 1109 2591 iudicandum
1147 2563 1240 2591 esse
1270 2548 1412 2603 ipsum
1443 2547 1533 2590 eius
1566 2547 1734 2590 dicendi

203 2635 338 2677 genus
371 2621 579 2663 ostendit:
615 2635 718 2663 nam
756 2620 896 2662 multa
927 2619 1041 2675 apud
1073 2634 1171 2661 eum
1200 2618 1414 2661 uocabula
1443 2618 1734 2672 posteriorum
1807 2636 1809 2639 ¹

203 2697 447 2748 temporum
460 2692 635 2747 propria
647 2691 861 2746 leguntur,
874 2690 996 2732 uelut
1007 2690 1156 2732 duelles
1168 2705 1208 2744 p.
1226 2690 1290 2744 12,
1308 2690 1385 2743 14.,
1403 2690 1508 2730 retia
1520 2703 1598 2743 pro
1612 2687 1732 2730 ‘rete’

208 2764 275 2818 18,
303 2763 370 2806 15.
399 2763 478 2818 16.,“
508 2763 703 2805 rectitudo
739 2762 780 2817 4,
815 2762 864 2816 1.,
899 2761 1120 2803 seductores
1158 2761 1226 2815 78,
1254 2760 1304 2814 7.,
1340 2760 1520 2802 retollere
1559 2760 1626 2813 74,
1653 2759 1733 2812 12„

204 2835 464 2877 distractores
483 2834 552 2888 51,
573 2834 623 2887 7.,
635 2833 843 2887 pronubos
865 2832 931 2885 76,
949 2831 1026 2886 13„
1058 2832 1281 2874 taediosum
1301 2831 1370 2886 83,
1388 2831 1465 2885 14.,
1496 2830 1733 2872 colatorium

204 2905 374 2960 2Ο,10.,
404 2907 542 2947 reatus
578 2904 647 2958 22,
670 2904 748 2958 18.,
784 2903 1056 2946 ποτιενιανὶιιφνι
1093 2905 1136 2944 et
1167 2903 1329 2957 asta-qia
1368 2902 1434 2956 70,
1454 2902 1492 2943 6.
1512 2901 1593 2955 27.,
1629 2900 1735 2945 obito
