1898 3294
24 192 45 202 -
730 181 1015 224 --47—

100 289 364 347 For-cipes,
394 303 482 333 non
514 286 717 332 ‘forfices'
749 287 942 331 dicimus.

100 349 383 394 Faenebris
415 363 512 392 cum
544 363 580 392 a.

100 408 306 466 Faetus,
339 408 554 465 superbia.
602 411 646 451 et
672 410 739 451 est
769 409 949 464 quartae
979 405 1294 449 declinationis.

100 467 279 525 Furni,
310 469 501 511 furorem
532 482 684 524 passus
717 482 824 510 sum.

63 527 383 572 ⁵Furuarum
432 527 714 581 nationum,
771 526 967 582 gentium
1022 525 1264 582 nigrarum,
1320 523 1364 566 id
1414 526 1481 566 est
1530 523 1637 579 Indi,

83 584 95 597 '
159 588 390 645 Aegyptii,
427 586 587 641 Mauri,
625 586 878 642 Aethiopes.
939 586 1143 627 furuum
1181 584 1296 626 enim
1339 598 1419 626 nos
1463 583 1638 639 nigrum

75 671 89 680 ·
158 648 356 691 dicimus.
410 646 520 689 unde
558 647 718 701 fures,
763 646 836 702 qui
881 645 927 688 in
971 645 1155 688 obscuro
1201 643 1356 699 latent,
1401 646 1446 685 et
1488 642 1640 686 sorni.

159 707 275 751 furni
308 706 424 749 enim
455 706 583 762 nigri.

99 765 413 821 Foetutinis,
446 765 489 808 id
521 768 588 809 est
619 764 803 808 sordidis
836 764 1156 818 occasionibus,
1188 778 1264 819 per
1296 778 1403 819 quas
1437 763 1639 806 mulieres

23 838 84 880 ,ιο
160 826 298 869 fetum
330 826 470 869 facere
502 827 699 881 possunt.
1500 835 1502 838 ’

99 885 389 942 Fidiculae,
427 888 528 928 sunt
567 885 770 941 ungulae,
809 884 967 940 quibus
1005 885 1261 939 torquentur
1299 882 1343 925 in
1382 883 1529 925 eculeo
1568 882 1667 930 ad-,

70 983 75 986 .
135 960 296 1003 pensi.

98 1004 366 1049 Festinate
399 1008 570 1059 aucto,
602 1004 689 1047 cito
723 1003 885 1046 adulto.
935 1007 980 1046 et
1011 1005 1079 1046 est
1111 1002 1376 1045 aduerbium.

99 1063 383 1108 Fimbrium
415 1065 588 1121 generis
619 1063 776 1106 neutri.
824 1064 931 1106 item
962 1062 1161 1105 feminini
1193 1060 1410 1104 ‘fimbria'.

48 1135 82 1162 1⁵
100 1123 402 1181 Foetutina,
438 1139 507 1167 res
545 1124 696 1167 foedae
741 1126 786 1165 et
831 1123 1030 1178 sordidae
1075 1125 1118 1164 et
1168 1120 1547 1178 inquinatissimae
1591 1137 1640 1164 ac

160 1184 405 1228 muliebres.

102 1243 258 1300 Faxo,
288 1244 459 1287 faciam.
508 1243 719 1300 temporis
751 1245 818 1286 est
849 1242 998 1285 futuri.

100 1303 389 1360 Fornicem,
420 1299 675 1347 moechiam.

100 1363 449 1407 Fastidiosum
481 1363 726 1406 renidens
758 1362 829 1405 uel
849 1376 927 1417 pro
949 1375 1139 1404 annuens
1172 1362 1216 1402 et
1247 1361 1537 1416 consentiens,
1567 1361 1639 1403 uel

46 1435 81 1461 2⁰
159 1423 368 1467 deridens.
420 1422 651 1466 ‘renidens'
678 1423 792 1465 enim
818 1422 1072 1477 plerumque
1098 1420 1246 1463 uultus
1279 1420 1438 1463 dicitur
1468 1421 1640 1466 laetitia

159 1483 230 1526 uel
267 1484 358 1526 risu
389 1483 600 1540 perfusus.
650 1480 957 1526 ‘fastidiosum'
997 1494 1100 1523 uero
1133 1494 1211 1538 pro
1249 1479 1478 1522 fastidiose
1516 1480 1639 1535 dixit,

159 1557 319 1586 nomen
355 1557 433 1599 pro
472 1543 697 1598 aduerbio,
734 1544 784 1585 ut
814 1544 898 1584 est:
931 1540 1206 1596 ‘toruumque
1237 1542 1414 1595 repente
1447 1540 1639 1583 clamat'.

99 1601 293 1647 Futura
349 1602 705 1659 alucinentur,
761 1601 887 1658 quasi
941 1600 1164 1644 luxurioso
1222 1613 1419 1642 sermone
1474 1600 1641 1643 incerta

158 1662 421 1719 praedicant.

197 1797 214 1828 1
243 1804 338 1840 quae
364 1794 451 1829 sunt
474 1792 663 1828 fabrorum
689 1792 834 1828 addunt
858 1790 893 1827 G
1037 1794 1058 1826 2
1084 1788 1287 1826 Faeneuris
1313 1789 1409 1834 HR,
1435 1789 1637 1826 Faeneutis

102 1841 133 1877 0
245 1846 266 1877 3
293 1843 452 1887 quartae
478 1839 741 1877 declinationis
767 1839 818 1876 G:
844 1839 981 1885 quarta
1005 1837 1209 1874 declinatio
1238 1837 1275 1872 P
1392 1841 1414 1873 ὅ
1440 1837 1480 1873 id
1506 1840 1564 1874 est
1589 1839 1640 1874 G:

99 1899 167 1925 om.
195 1889 233 1924 P
325 1893 346 1925 8
371 1888 472 1924 furni
491 1888 543 1924 R:
569 1887 671 1924 furui
691 1887 768 1923 HG
789 1890 794 1932 Ι
816 1887 917 1923 enim
937 1886 999 1922 G:
1014 1896 1104 1932 ergo
1126 1886 1163 1920 P
1258 1890 1278 1921 9
1304 1885 1491 1921 Fetutinis
1514 1886 1638 1931 Pvmr,

79 1936 310 1973 'Faetutinis
329 1948 353 1972 a
374 1938 380 1976 1
403 1947 499 1982 quae
513 1947 580 1982 per
598 1936 686 1971 libri
759 1939 804 1971 10
828 1934 972 1971 foetum
995 1933 1032 1968 P
1128 1937 1169 1968 11
1196 1932 1391 1968 Fidiculae
1417 1933 1506 1969 RG:
1532 1933 1640 1969 Fedi-

100 1984 206 2022 culae
221 1984 296 2020 GH
312 1988 318 2029 1
340 1983 498 2030 adpensi
522 1983 572 2019 G:
599 1983 648 2019 ad
673 1983 806 2019 Persas
832 1982 864 2018 G
884 1992 1011 2027 margo
1031 1981 1082 2025 H,
1109 1980 1157 2016 ad
1181 1991 1322 2026 poenas
1347 1981 1390 2016 H
1406 1986 1439 2016 1.
1460 1993 1517 2025 m.‚
1538 1982 1639 2028 apud

101 2032 295 2069 Persas-R
440 2035 485 2067 14
510 2030 718 2067 Fimbriam
731 2029 934 2065 ÷fimbria
959 2029 1010 2072 G:
1036 2028 1263 2064 Frimurium
1278 2028 1506 2065 —frimuria
1534 2029 1571 2064 P

104 2083 146 2115 15
172 2079 350 2116 Fetutina
372 2078 474 2115 Pva:
499 2078 701 2115 Fetutinae
720 2090 776 2114 mr
797 2078 804 2123 l
824 2077 941 2114 fetide
962 2077 994 2113 G
1094 2080 1138 2112 16
1158 2075 1361 2112 muliebres
1381 2076 1431 2112 G:
1462 2077 1638 2112 mulieres

104 2127 141 2162 P
255 2131 299 2164 18
324 2126 533 2163 moechiam
561 2127 665 2162 Mai:
691 2125 889 2162 moleciam
915 2124 954 2170 0,
980 2123 1186 2160 mohetiam
1212 2123 1302 2168 HR,
1327 2124 1507 2160 moetiam
1534 2124 1569 2160 G

104 2180 146 2212 19
167 2186 334 2211 annuens
349 2175 400 2211 G:
420 2174 590 2210 adiuiens
611 2174 662 2218 H,
682 2173 857 2210 adridens
871 2173 907 2208 R
929 2176 934 2218 ῑ
956 2172 1018 2208 uel
1037 2171 1274 2208 consentiens
1291 2171 1328 2205 P
1398 2175 1444 2208 20
1464 2171 1638 2208 deridens

24 2227 34 2244 ⁶
101 2223 152 2259 G:
178 2222 306 2306 ridenlsz
334 2222 370 2258 P
465 2226 508 2258 21
535 2221 710 2269 profusus
739 2220 776 2256 P
876 2225 921 2257 23
947 2219 1184 2256 alucinentur
1210 2218 1260 2254 G:
1287 2219 1539 2256 allucinentur
1567 2219 1604 2254 P
1632 2223 1636 2266 Ι

102 2269 243 2307 incerte

198 2335 215 2366 1
242 2330 417 2376 forcipes]
446 2330 542 2368 Isid.
569 2333 722 2376 20,13,3.
758 2328 918 2365 Forfices
943 2327 1148 2364 secundum
1167 2326 1446 2373 etymologiam,
1473 2326 1548 2364 sia
1572 2327 1636 2363 filo

101 2377 293 2424 dicuntur,
324 2377 342 2413 f
363 2377 524 2424 ponitur,
549 2377 695 2413 forfices
720 2387 816 2422 quae
841 2378 928 2413 sunt
953 2377 1148 2412 sartorum.
1193 2374 1224 2410 si
1249 2385 1273 2410 a
1302 2374 1398 2420 pilo,
1429 2386 1498 2421 per
1528 2387 1565 2421 p,
1599 2378 1640 2411 ut

100 2426 278 2472 forpices,
315 2437 409 2472 quae
448 2427 535 2461 sunt
564 2428 767 2462 tonsorum.
813 2424 845 2460 si
875 2425 923 2460 ab
954 2423 1189 2470 accipiendo,
1227 2434 1294 2467 per
1326 2434 1361 2466 c,
1394 2425 1438 2458 ut
1468 2423 1639 2469 forcipes,

102 2484 146 2509 eo
177 2474 278 2520 quod
303 2473 462 2510 formum
495 2473 664 2519 capiant,
696 2483 792 2518 quae
824 2474 912 2508 sunt
942 2471 1141 2508 fabrorum.
1186 2470 1231 2513 cf.
1265 2470 1368 2507 Seru.
1396 2472 1488 2508 Aen.
1523 2475 1638 2515 1,453.

103 2521 276 2558 Charis]
295 2525 411 2567 ⁹43¹·
438 2521 486 2558 K.
514 2521 677 2557 Cassiod.
703 2521 746 2556 de
770 2520 861 2556 orth.
888 2523 1028 2564 2292,4.
1057 2519 1102 2555 P.
1127 2522 1190 2553 etc.
1288 2521 1309 2552 3
1334 2517 1638 2565 fastus]=Seru.

102 2569 195 2605 Aen.
228 2572 343 2613 3,826.
512 2573 534 2604 ὃ
572 2569 765 2604 furuarum
803 2568 999 2603 nationum
1056 2566 1156 2602 Fest.
1192 2565 1303 2602 Paul.
1335 2569 1429 2610 84‚e.
1474 2566 1501 2601 F
1504 2578 1638 2601 uruum

104 2616 252 2663 nigrum
284 2617 345 2652 uel
377 2618 511 2653 atrum.
555 2616 643 2652 hinc
674 2615 778 2651 dicta
808 2615 956 2660 furnus,
1022 2614 1143 2657 uriae,
1170 2614 1299 2658 funus,
1331 2613 1467 2660 fuligo,
1500 2614 1639 2660 fulgus,

103 2663 237 2700 sumus.
280 2665 327 2708 cf.
359 2663 449 2706 Gell.
482 2668 609 2709 1,18,4.
641 2664 739 2700 Non.
775 2667 867 2708 509.
901 2663 1005 2699 Seru.
1037 2663 1128 2698 Aen.
1162 2666 1260 2707 2,18.
1293 2660 1422 2706 Geory.
1449 2666 1565 2706 3,407.

103 2716 123 2747 9
150 2710 364 2758 foetutinis]
393 2711 464 2747 ΟΡ
474 2723 515 2757 p.
536 2716 617 2748 230.
654 2711 872 2757 Foetutina,
899 2722 960 2755 ae,
986 2710 1025 2746 id
1045 2712 1104 2746 est
1128 2709 1320 2755 quaelibet
1343 2709 1496 2744 sordida
1514 2719 1639 2753 causa,

101 2770 169 2805 per
194 2770 305 2805 quam
326 2759 460 2795 mulier
483 2758 627 2795 foetum
645 2761 809 2805 temptat
828 2759 957 2794 eicere.
983 2759 1029 2802 cf.
1050 2758 1150 2793 Non.
1177 2761 1293 2802 6330.
1383 2761 1422 2791 11
1451 2757 1638 2803 fidiculae]

103 2807 201 2844 lsid.
226 2810 378 2852 5‚27,20.
415 2805 589 2853 vngulae
620 2806 762 2851 dictae,
795 2806 895 2852 quod
927 2805 1120 2841 effodiant.
1164 2804 1237 2840 hae
1269 2806 1308 2840 et
1331 2803 1523 2847 fidiculae,
1550 2804 1640 2849 quia

102 2853 151 2890 iis
175 2854 229 2890 rei
254 2854 294 2890 in
320 2854 479 2900 equuleo
504 2855 743 2900 torquentur,
768 2856 812 2890 ut
835 2853 927 2889 fides
953 2852 1177 2889 inueniatur.
1331 2855 1375 2886 19
1401 2851 1639 2887 fastidiosum

103 2901 293 2949 renidens]
319 2914 355 2938 u.
380 2901 598 2938 fastidiosus
623 2913 682 2947 ap.
712 2901 838 2937 Plane.
868 2901 954 2937 Mil.
980 2903 1109 2946 4,6,18.
1135 2899 1234 2936 Rud.
1260 2902 1389 2945 2,3‚42.
1415 2901 1639 2946 toruumque

103 2953 167 2988 etc.
194 2962 252 2996 ap.
292 2950 389 2996 Viry.
415 2950 506 2986 Aen.
535 2952 650 2995 7‚399.
