1898 3294
0 0 139 103 §ww
152 15 153 18 =

0 106 15 131 9.

0 159 9 184 l»

0 138 10 198 ἲ
51 138 73 173 2
115 186 121 188 ⁷
189 197 195 200 ,
773 174 848 201 .-
910 150 967 192 39
1033 176 1035 179 -
1071 176 1085 178 -

171 258 347 316 Erugo
379 274 508 316 saepe
540 258 696 302 uitium
729 258 852 315 ferri,
883 258 938 301 ab
972 257 1186 301 erodendo
1219 257 1356 314 dicta,
1388 274 1476 302 non
1508 258 1563 302 ab
1596 274 1712 303 aera-

231 322 392 363 mento.
950 353 958 359 .

170 377 403 423 Euentus
435 378 532 435 ipsa
563 393 643 422 res.
681 380 867 421 euentu
899 381 1042 421 autem
1075 377 1289 433 dicuntur,
1321 393 1430 434 quae
1463 377 1519 422 ab
1552 382 1710 423 euentu

229 439 421 483 ueniunt.

133 511 151 536 ὁ
170 497 514 555 Experimini,
545 497 889 553 experimentum
921 496 1075 552 eapite.

166 557 428 613 Enormia,
460 556 645 613 grandia
676 556 745 599 uel
779 556 985 612 ingentia.

166 617 387 673 Exedra,
438 616 555 660 absis
612 616 822 673 quaedam
872 618 1075 671 separata
1130 617 1347 660 modicum
1403 618 1505 673 quid
1557 622 1633 661 aut
1682 635 1708 661 a

225 676 446 733 praetorio
479 679 554 719 aut
585 692 611 720 a
642 675 820 732 palatio.

164 735 238 780 Ex
269 736 522 793 phenieea
552 737 726 792 bysso,
759 750 810 777 ex
842 749 988 791 panno
1020 750 1158 778 roseo.

115 808 148 835 ¹⁰
164 796 378 840 Exciuit
409 795 628 839 excitauit.
679 795 898 850 excitur,
931 795 1156 838 excitatur.

163 855 237 900 Ex
270 855 483 912 specula
514 857 773 911 spectans,
806 870 856 897 ex
891 854 981 897 alto
1014 855 1109 897 loeo
1142 855 1382 898 intendens.

163 915 370 971 Exerte,
402 915 778 958 indissimulanter
810 915 939 970 atque
971 915 1307 958 ostentabiliter.
1358 916 1524 958 exerti
1558 919 1704 959 autem

223 975 442 1031 dicuntur,
473 975 546 1031 qui
579 975 786 1018 uirtutem
818 976 1000 1018 exerunt
1032 976 1075 1017 et
1107 975 1151 1017 in
1183 978 1388 1031 promptu
1420 975 1596 1019 habent.

162 1035 453 1090 Emonam,
485 1034 748 1078 exinaniens

110 1107 144 1132 1⁵
162 1094 405 1152 Eguisw,
436 1094 689 1150 indiguisse.

161 1152 410 1210 Enueleo‚
461 1154 699 1210 perpendo,
755 1154 1016 1197 examussim
1067 1154 1250 1210 inquiro.
1312 1157 1357 1197 et
1406 1157 1472 1197 est
1521 1155 1703 1198 uerbum

223 1214 433 1258 secundae
465 1213 798 1270 coniugationis.

159 1273 569 1330 Expopulariter
600 1274 765 1316 iactas
798 1275 842 1316 et
861 1275 903 1316 te
925 1274 1036 1330 apud
1068 1274 1274 1330 populum
1309 1274 1378 1317 uel
1411 1289 1530 1317 more
1550 1276 1701 1331 populi

221 1334 438 1390 uulgoque
471 1349 519 1375 os
551 1332 701 1376 iactas.

106 1406 142 1431 2⁰
159 1393 483 1450 †Equirium,
515 1392 750 1436 multitudo
783 1393 968 1436 collecta
999 1395 1043 1451 et
1074 1394 1120 1436 in
1150 1409 1283 1436 unum
1316 1396 1593 1450 congregata.

158 1453 463 1509 Eliminare‚
495 1456 619 1496 extra
648 1452 782 1495 limen
813 1453 1008 1508 proferre
1041 1453 1110 1496 uel
1143 1453 1315 1509 publice
1349 1455 1564 1496 secretum
1597 1454 1701 1511 quid

218 1513 372 1556 dicere.

158 1573 223 1616 Et
255 1587 343 1628 per
374 1572 598 1614 hostiam
631 1572 934 1628 lustratum,
966 1588 1044 1628 per
1076 1573 1336 1616 sacrificium
1367 1576 1615 1630 purgatum.

157 1631 719 1688 Exsuperantissimus,
751 1632 1126 1688 inexsuperabilis.

105 1703 139 1729 ‘2⁵
157 1691 485 1747 Efficientia,
517 1691 704 1747 effectio,
736 1692 791 1734 ab
823 1691 1048 1736 efficiendo
1081 1693 1207 1735 diota.

156 1751 316 1795 Exsul
348 1751 524 1806 dieitur,
557 1751 630 1807 qui
650 1754 774 1794 extra
795 1751 936 1794 solum
964 1754 1041 1794 est.
1079 1753 1176 1795 ideo
1210 1767 1308 1796 cum
1341 1768 1360 1794 s
1394 1752 1522 1795 debet
1553 1753 1699 1808 scribi,

216 1813 266 1854 ut
297 1814 363 1854 est

155 1869 455 1927 Extirpata,
487 1885 512 1913 a
543 1870 689 1914 radice
723 1871 945 1914 subuersa.
988 1908 991 1910 ,

253 2051 270 2083 1
298 2049 512 2084 aeramento
538 2047 591 2083 R:
618 2050 811 2084 eromenta
831 2048 906 2084 CH
974 2060 977 2063 ⁴
998 2053 1020 2084 3
1046 2049 1094 2084 ab
1121 2049 1257 2084 euenta
1275 2048 1320 2083 H
1415 2054 1433 2084 '1
1462 2049 1609 2085 Exedra
1627 2061 1694 2095 vp:

156 2094 338 2149 Exedram
368 2094 454 2130 Pba
577 2099 620 2131 10
645 2094 830 2150 exiturum
862 2095 1110 2133 excitaturum
1137 2097 1170 2132 G
1294 2100 1335 2132 11
1364 2099 1623 2151 exspect-antes
1651 2119 1693 2123 —

155 2142 392 2179 intendentes
417 2142 450 2179 G
579 2146 623 2179 14
649 2143 863 2180 exinaniens
890 2144 946 2180 H:
973 2144 1193 2180 exinaniaris
1218 2143 1267 2188 R,
1293 2144 1508 2180 exinaniens
1533 2156 1694 2181 uacuum

154 2196 311 2233 reddens
337 2196 371 2232 G
503 2201 546 2233 16
572 2197 795 2233 examussim
822 2197 891 2233 Ob:
918 2192 1126 2234 examussio
1159 2197 1248 2243 HR,
1281 2197 1454 2234 examino
1475 2209 1504 2243 p
1527 2200 1532 2241 Ι
1554 2192 1602 2240 ‘¹2⁶
1642 2198 1688 2234 H

155 2244 337 2281 secundae
363 2257 391 2279 ω
496 2248 540 2280 18
565 2244 671 2290 Expo
699 2244 853 2281 ulariter
878 2244 972 2280 HR:
1007 2244 1280 2291 Expopularint
1306 2245 1338 2281 G
1359 2256 1484 2291 maryo
1511 2246 1569 2289 H,
1596 2227 1694 2292 Epol

153 2291 335 2338 pulariter
373 2292 406 2327 G
436 2293 441 2336 Ι
471 2292 510 2328 et
542 2292 580 2328 te
619 2291 650 2328 0
692 2292 743 2328 G:
779 2292 819 2328 id
858 2294 914 2328 est
947 2292 983 2328 R
1011 2294 1016 2336 Ι
1042 2292 1174 2339 populi
1210 2292 1307 2328 HR:
1342 2293 1524 2339 populum
1559 2294 1624 2329 CG

157 2343 199 2376 19
232 2339 419 2386 uolgoque
455 2351 494 2376 oe
529 2339 586 2375 H:
623 2339 780 2386 uulgaes
813 2340 860 2386 Ο,
896 2340 1086 2395 uulgoque
1116 2340 1170 2384 R,
1208 2351 1311 2376 more
1344 2341 1383 2385 b,
1421 2351 1488 2377 om.
1522 2344 1583 2376 cet.
1612 2341 1645 2377 G

154 2391 200 2423 20
228 2386 425 2433 'Equirium
452 2387 509 2430 H,
553 2387 762 2433 Exquinam
788 2388 834 2431 0,
878 2388 1102 2434 Equininam
1143 2388 1197 2431 R,
1241 2387 1442 2434 Equiniam
1476 2399 1602 2434 maryo
1641 2389 1692 2430 H,

153 2434 348 2481 Eequinna
372 2435 430 2471 uel
455 2434 624 2480 Ecquina
649 2435 683 2470 G
801 2439 846 2471 25
873 2434 1068 2471 efficiendo
1094 2435 1146 2471 G:
1173 2435 1345 2472 faciendo
1372 2435 1560 2478 (facienda
1585 2437 1630 2480 C')
1657 2436 1695 2471 P

154 2486 199 2519 26
231 2482 346 2518 Exsul
377 2482 507 2519 addito
540 2494 556 2517 s
588 2482 702 2519 debet
732 2482 855 2520 scribi.
906 2483 995 2530 quia
1027 2483 1131 2519 exsul
1164 2483 1301 2519 dieitur
1331 2483 1396 2529 qni
1434 2486 1540 2520 extra
1570 2484 1691 2520 solum

153 2541 261 2565 suum
286 2531 345 2566 est
369 2530 403 2566 G
499 2533 545 2566 27
571 2531 630 2566 est
656 2530 706 2566 P:
733 2541 778 2566 en
805 2530 839 2566 G
936 2535 982 2566 28
1009 2530 1225 2577 Exstirpata
1248 2531 1285 2567 R

251 2592 268 2623 1
295 2588 426 2636 erugo]
454 2605 499 2619 =
525 2589 620 2625 leid.
650 2593 800 2635 16‚21‚5.
946 2594 967 2626 3
994 2591 1149 2626 euentus
1193 2607 1237 2620 =
1264 2590 1360 2626 Isid.
1388 2590 1436 2626 D.
1471 2590 1516 2626 V.
1543 2595 1622 2628 184.

154 2638 174 2671 7
206 2635 358 2682 exedra]
393 2636 439 2680 cf.
470 2636 569 2674 Non.
606 2641 720 2680 107,ὅ.
869 2641 912 2674 10
943 2636 1097 2685 exciuit]
1172 2638 1262 2674 laut.
1301 2637 1406 2674 Trin.
1434 2642 1562 2683 5,2,52.
1590 2642 1652 2675 etc.

153 2687 195 2718 11
224 2694 268 2719 ex
287 2683 440 2729 specula
458 2684 648 2732 spectans]
676 2684 784 2722 Varr.
805 2685 849 2721 L.
870 2685 914 2722 L.
941 2688 1032 2729 6‚82.
1061 2685 1233 2732 specula,
1259 2685 1305 2722 de
1332 2696 1404 2731 quo
1429 2686 1688 2732 prospicimus.

151 2732 196 2775 cs.
224 2730 322 2767 Non.
339 2734 482 2776 434‚18.
570 2736 612 2768 16
639 2732 793 2770 enucleo
829 2734 872 2777 ef.
897 2732 1015 2769 Prisc.
1035 2732 1105 2768 XII
1119 2737 1258 2779 469,26.
1281 2733 1330 2770 K.
1417 2737 1462 2769 20
1483 2732 1684 2780 equitium]

150 2778 300 2814 uidetur
324 2781 391 2814 aut
414 2782 626 2824 corruptum
651 2784 717 2816 aut
741 2792 765 2816 a
831 2780 950 2816 lucido
971 2791 1163 2826 perperam
1188 2782 1421 2826 explicatum.
1461 2782 1569 2816 aliter
1593 2782 1689 2817 enim

150 2836 187 2862 u.
219 2824 366 2871 equiria·
395 2826 687 2871 interpr-nantua-
743 2827 850 2864 Varr.
883 2827 927 2863 L.
954 2827 998 2863 L.
1032 2831 1123 2871 6,13.
1149 2831 1182 2863 et
1212 2827 1310 2866 Fest.
1347 2829 1458 2864 Paul.
1491 2831 1608 2871 81,12.
1640 2829 1685 2873 cf.

150 2874 374 2957 ffugssrsast.
401 2877 517 2918 2859.
614 2877 659 2911 23
686 2875 725 2911 et
748 2886 815 2922 per
834 2874 998 2912 hostiam
1017 2874 1233 2926 lustratum]
1254 2877 1300 2920 cf.
1321 2876 1419 2911 Non.
1440 2879 1581 2922 335‚12.
1600 2887 1628 2913 s.
1649 2887 1685 2913 u.

166 2933 208 2957 us
289 2931 320 2957 e.
