1898 3294
880 175 1169 215 --14ψ

258 281 490 335 Bardum‚
523 280 742 333 hebetem,
777 279 1000 334 stolidum,
1033 280 1220 321 brutum.
1614 310 1619 316 .

257 339 456 381 Bellica
493 339 726 381 columna
769 342 867 380 ante
911 339 1062 380 aedem
1099 338 1324 393 Bellonae,
1373 353 1480 394 quae
1517 339 1642 394 Pyrri
1679 343 1786 382 tem-

316 399 491 453 poribus
507 398 744 440 constituta
758 397 925 452 dicitur,
945 401 993 439 ut
1006 400 1208 439 exeuntes
1225 398 1277 439 ad
1292 398 1454 439 bellum
1469 399 1787 453 superiacerent

317 472 414 499 eam
445 457 590 511 hasta,
621 457 757 498 ueluti
789 463 1016 511 conspecto
1049 456 1173 498 hoste
1206 457 1352 498 issent.
1814 453 1816 455 ’

227 531 242 554 ε»
263 516 527 571 Bouinari,
560 516 811 570 conuiciari‚
843 515 1042 558 clamare.

261 575 391 617 Boni
422 575 727 629 consultum,
760 575 867 617 bene
899 577 1132 630 acceptum.

261 634 453 689 Byssus
486 634 656 689 generis
690 636 756 675 est
787 634 995 675 feminini.

260 694 524 748 Babylona
537 693 776 748 principale
791 693 981 735 ciuitatis
995 707 1153 734 nomen
1167 695 1243 747 est,
1262 696 1310 734 ut
1323 693 1465 735 Troia.
1491 693 1527 735 B
1543 694 1602 736 ab
1611 694 1788 749 ylonia

317 767 421 794 uero
455 753 753 806 deriuatiuum‚
784 755 832 794 ut
858 752 896 793 si
922 751 1038 794 dicas
1065 751 1202 807 egens'
1229 755 1304 793 aut
1334 752 1496 807 ‘aliqua
1515 752 1708 807 species',
1739 756 1788 795 ut

206 828 238 851 10
317 811 447 853 Troia
465 811 648 853 troiana.
687 826 788 853 nam
815 813 858 852 et
879 810 1181 865 ‘Babylonem'
1203 814 1246 853 et
1272 810 1574 866 eBabylonam'
1595 811 1788 853 dicimus.

260 870 623 913 Beniuolentia
661 874 704 912 et
747 870 1109 912 maliuolentia
1139 884 1215 925 per
1251 870 1283 924 i,
1321 885 1408 912 non
1444 885 1520 925 per
1558 885 1580 912 e
1617 871 1786 925 dicitur,

317 930 528 985 quomodo
586 929 829 984 ‘benignus'
883 931 927 970 et
984 928 1245 984 emalignus',
1300 944 1387 971 non
1443 928 1695 984 ‘benegnus’
1746 934 1790 971 et

317 988 587 1044 ‘malegnus’.
649 1003 776 1043 saepe
815 989 930 1030 enim
969 1003 1019 1030 ex
1056 988 1220 1030 duabus
1261 989 1457 1043 partibus
1499 988 1787 1043 compositum

318 1063 477 1090 nomen
496 1051 571 1090 aut
589 1048 779 1103 priorem
812 1051 887 1090 aut
919 1051 1168 1103 sequentem
1200 1047 1394 1089 litteram
1413 1047 1661 1102 corrumpit.
1692 1047 1787 1089 ideo

209 1122 241 1147 ιτ»
323 1106 692 1149 ‘beniuolentiam'
713 1107 906 1149 dicimus.
956 1121 1057 1148 nam
1084 1106 1416 1148 ‘beneuolentia'
1449 1121 1639 1149 crassum
1671 1105 1789 1162 quid-

321 1167 421 1208 dam
454 1170 590 1209 sonat.

259 1226 381 1280 Boa,
420 1226 534 1281 quod
572 1226 697 1267 ualde
734 1228 1017 1281 persequatur
1052 1225 1204 1279 boues,
1242 1225 1352 1266 unde
1391 1228 1434 1266 et
1478 1225 1563 1267 boa
1599 1227 1788 1267 uocatur.

258 1285 536 1327 Balineum.
599 1286 643 1326 in
680 1300 809 1339 prosa
845 1285 1044 1340 ponimus
1083 1283 1330 1339 “balneum'‚
1375 1284 1420 1326 in
1464 1287 1600 1326 metro
1644 1286 1789 1326 tamen

319 1347 549 1400 utrumque
581 1345 699 1386 facit.

355 1466 372 1496 1
400 1462 552 1496 brutum
570 1462 720 1506 scripsi:
741 1461 962 1496 bretendum
985 1462 1029 1504 P,
1050 1460 1272 1496 bratendum
1290 1471 1316 1505 p
1407 1464 1427 1495 2
1449 1460 1628 1496 Bellicam
1647 1460 1786 1495 colum-

258 1520 344 1543 nam
371 1509 405 1543 G
524 1513 544 1544 3
572 1510 619 1544 ad
647 1509 697 1544 P:
722 1509 761 1543 in
788 1508 822 1543 G
942 1512 964 1543 4
990 1510 1191 1553 conspecto
1217 1508 1323 1543 hoste
1348 1507 1464 1543 issent
1499 1508 1549 1542 P:
1589 1510 1789 1553 conspectu

258 1556 376 1591 hostis
401 1558 526 1591 essent
551 1557 584 1591 G
717 1560 738 1591 5
764 1555 941 1591 Bouinari
966 1566 1090 1601 nzaryo
1116 1555 1173 1590 H:
1201 1554 1414 1590 Bombinari
1442 1555 1486 1598 P,
1513 1555 1694 1590 Bobinare
1720 1554 1754 1590 G
1781 1554 1786 1601 Ι

258 1603 459 1639 conuiciari
472 1604 675 1648 HPapias:
691 1604 887 1638 combuare
903 1603 940 1647 Ο,
961 1603 1169 1638 combicare
1185 1603 1231 1646 R,
1253 1602 1462 1637 conuiciare
1483 1602 1516 1637 G
1621 1606 1640 1637 7
1661 1601 1786 1637 Bissus

259 1652 346 1686 libri
477 1655 497 1686 8
524 1651 718 1696 Babylona
742 1651 794 1685 R:
821 1650 1018 1685 Babilonia
1043 1650 1119 1694 Ha,
1146 1650 1355 1695 Babylonia
1380 1650 1414 1684 G
1435 1652 1441 1695 Ι
1462 1648 1672 1694 Babylonia
1695 1649 1787 1684 RG:

259 1698 440 1733 Babilona
461 1699 534 1733 CH
626 1703 647 1733 9
668 1698 795 1743 aliqua
816 1698 865 1732 G:
892 1698 1038 1742 aliquas
1061 1698 1097 1731 P
1194 1701 1237 1732 10
1257 1697 1488 1742 Babylonem
1507 1697 1559 1731 R:
1586 1695 1790 1732 Babilonae

259 1746 309 1789 H,
336 1746 522 1791 babylone
549 1747 568 1781 b
595 1747 671 1781 cod.
699 1746 816 1782 Germ.
840 1747 845 1790 Ι
867 1745 1100 1790 Babylonam
1124 1745 1176 1780 R:
1204 1745 1422 1780 Babilonem
1448 1744 1703 1789 (babylonem)
1723 1743 1789 1778 Hb

259 1794 336 1828 cod.
364 1793 482 1829 Germ.
584 1798 626 1828 12
654 1795 692 1829 et
716 1793 911 1838 malegnus
937 1804 1004 1828 om.
1030 1793 1088 1828 Rb
1202 1796 1242 1827 15
1269 1803 1355 1826 nam
1381 1791 1643 1826 beneuolentia
1667 1792 1785 1826 bamr:

258 1852 333 1876 non
358 1841 659 1877 beneuolentiam
684 1841 762 1875 HR
784 1841 789 1885 Ι
811 1841 910 1886 quod
936 1851 1098 1875 crassum
1124 1839 1160 1874 R
1181 1841 1185 1883 Ι
1207 1838 1385 1884 quiddam
1409 1838 1462 1873 R:
1489 1838 1639 1884 quidem
1665 1838 1741 1873 HG

262 1893 302 1923 17
329 1888 407 1923 Boa
432 1889 573 1924 animal
604 1890 661 1924 est
686 1888 720 1923 G
745 1888 855 1933 (Boas
880 1889 948 1932 mr)
971 1888 1243 1934 {persequatur
1270 1887 1319 1921 P:
1352 1886 1588 1931 persequitur
1621 1885 1655 1921 G
1683 1888 1687 1931 Ι
1716 1885 1788 1921 boa

259 1937 417 1971 uocatur
444 1936 498 1970 P:
523 1947 659 1971 nomen
684 1935 799 1971 habet
824 1936 896 1970 boa
923 1935 956 1969 G

358 1988 375 2017 1
407 1983 582 2029 bardum]
623 1983 749 2018 Plaut.
788 1982 902 2027 Epid.
935 1986 1062 2026 3‚3,39.
1107 1982 1242 2016 Bacch.
1275 1985 1378 2026 5,1,2.
1417 1978 1515 2016 Fest.
1550 1981 1661 2017 Paul.
1695 1985 1788 2026 34,8.

261 2030 402 2065 Bai-dus
434 2031 571 2066 stultus
604 2042 626 2066 a
662 2029 841 2066 tarditate
874 2029 1017 2075 ingenii
1054 2029 1267 2074 appellatur
1293 2056 1301 2064 .
1323 2056 1359 2064 ..
1394 2027 1571 2063 Trahitur
1606 2030 1732 2063 autem
1768 2039 1791 2064 a

261 2089 405 2123 graeco,
439 2079 538 2123 quod.
563 2078 621 2113 illi
646 2074 788 2123 βαρδύς
820 2076 959 2112 dicunt.
993 2077 1039 2120 cf.
1065 2077 1163 2112 Non.
1191 2080 1281 2120 10‚3.
1310 2076 1471 2111 Cassiod.
1500 2076 1599 2111 Orth.
1625 2079 1789 2118 2299‚16.

264 2126 308 2161 P.
407 2131 426 2160 2
454 2126 590 2161 bellica
609 2125 797 2171 columna]
819 2125 917 2160 Fest.
940 2125 1049 2160 Paul.
1071 2128 1163 2169 33,8.
1182 2123 1337 2159 Bellona
1361 2123 1553 2159 dicebatur
1578 2123 1648 2158 dea
1673 2123 1790 2159 bello·

261 2185 354 2216 rum,
381 2175 469 2209 ante
490 2173 593 2209 cuius
611 2173 796 2218 templum
822 2174 903 2207 erat
929 2171 1137 2217 columella,
1163 2183 1258 2217 quae
1278 2170 1414 2206 bellica
1438 2170 1653 2214 uocabatur,
1679 2181 1789 2215 super

261 2231 373 2265 quam
405 2221 554 2256 hastam
584 2221 785 2263 iaciebant,
818 2231 931 2264 quum
963 2219 1103 2254 bellum
1134 2219 1377 2254 indicebatur.
1411 2219 1457 2261 cf.
1488 2218 1660 2262 inprimis
1684 2218 1788 2253 Seru.

261 2270 353 2302 Aen.
381 2272 471 2311 9‚53.
617 2272 637 2302 5
664 2267 850 2313 bouinari]
887 2266 985 2301 Fest.
1015 2267 1124 2301 Paul.
1151 2270 1267 2310 30‚12.
1300 2266 1344 2309 cf.
1379 2264 1580 2300 Bouinator
1599 2276 1640 2309 p.
1662 2269 1717 2301 13.

261 2319 283 2350 8
302 2315 505 2361 babylona]
521 2317 566 2359 cf.
586 2315 775 2360 babylona
780 2326 819 2359 p.
836 2318 890 2350 15.
991 2318 1031 2348 11
1047 2312 1318 2359 beniuolentia]
1340 2313 1434 2348 Isid.
1451 2316 1564 2355 1026.
1577 2312 1788 2358 Beniuolus‚

261 2362 349 2407 quia
374 2363 467 2398 bene
493 2363 585 2399 uult.
611 2374 686 2397 non
709 2363 837 2397 tamen
861 2361 1018 2397 dicimus
1046 2361 1291 2404 ‘beneuolus’‚
1323 2360 1419 2396 sicut
1442 2371 1509 2395 nec
1537 2359 1789 2395 ‘maleuolus’.

261 2420 370 2455 saepe
397 2410 495 2445 enim
520 2421 565 2446 ex
590 2413 651 2445 etc.
683 2410 842 2455 Eutych.
880 2410 922 2445 de
952 2410 1038 2446 disc.
1077 2409 1219 2453 coniuy.
1251 2412 1414 2451 2152‚12.
1455 2407 1499 2442 P.
1543 2410 1576 2442 A
1607 2407 1693 2442 uolo
1731 2406 1789 2442 uis

264 2457 474 2493 ‘beniuolus
499 2457 725 2493 maliuolus’.
770 2457 874 2492 Beda
902 2456 1002 2492 Orth.
1023 2460 1186 2501 2331,14.
1214 2456 1259 2490 P.
1303 2454 1501 2491 Beniuolus
1527 2456 1566 2488 et
1590 2454 1788 2490 maliuolus

262 2506 300 2540 et
323 2505 516 2541 malificus.
543 2506 588 2549 cf.
617 2505 787 2549 Corssen,
819 2504 1051 2549 Ausspraclze
1075 2507 1136 2540 etc.
1162 2504 1189 2548 I,
1210 2515 1251 2548 p.
1271 2506 1351 2538 276.
1397 2501 1555 2544 Ritsehl‚
1592 2511 1712 2546 opusc.
1744 2502 1789 2546 11,

263 2555 342 2588 561.
370 2555 450 2588 567.
598 2556 638 2587 17
667 2552 754 2598 boa]
783 2552 885 2587 Plin.
911 2555 967 2596 29,
988 2555 1007 2594 ἓ
1030 2554 1107 2586 122.
1140 2553 1307 2602 30‚·§69.
1324 2554 1402 2585 138.
1435 2553 1467 2593 8,
1488 2552 1579 2591 537.
1629 2549 1791 2584 Aluntur

263 2600 411 2645 (bouae)
447 2600 558 2635 trimo
594 2599 724 2635 bubuli
749 2598 859 2634 lactis
885 2610 988 2644 suco,
1021 2599 1119 2633 unde
1150 2608 1285 2633 nomen
1310 2600 1464 2632 traxere.
1516 2596 1611 2631 Isid.
1640 2599 1790 2640 12‚4,28.

262 2647 377 2690 Boas,
403 2647 536 2694 anguis
562 2647 692 2682 Italiae
717 2647 899 2682 immensa
923 2645 1041 2690 mole,
1066 2643 1297 2691 persequitur
1321 2655 1453 2690 greges
1478 2645 1727 2679 armentorum
1753 2645 1791 2678 et

262 2694 432 2730 bubulos.
466 2697 504 2730 et
534 2694 695 2740 plurimo
730 2694 828 2730 lacte
859 2693 1009 2739 irriguis
1042 2691 1219 2728 uberibus
1249 2702 1287 2726 se
1318 2691 1479 2727 innectit
1511 2693 1550 2726 et
1574 2702 1709 2737 sugens
1733 2690 1788 2725 in—

262 2741 414 2778 terimit.
435 2743 547 2786 atque
566 2741 652 2777 inde
672 2753 695 2777 a
714 2742 827 2777 boum
846 2739 1134 2786 depopulatione
1163 2741 1250 2774 boas
1273 2749 1410 2774 nomen
1435 2738 1592 2783 accepit.
1617 2739 1663 2782 cf.
1688 2737 1787 2772 Fest.

265 2789 374 2825 Paul.
408 2794 523 2833 30,13.
643 2793 684 2824 18
712 2788 916 2834 balineum]
944 2787 1039 2823 Isid.
1064 2787 1114 2822 D.
1148 2786 1189 2821 V.
1217 2789 1272 2822 75.
1321 2786 1515 2822 Balineum
1541 2787 1579 2821 et
1602 2785 1788 2821 balneum.

261 2836 300 2870 in
326 2848 436 2882 prosa
461 2836 678 2882 quotidiano
703 2847 870 2871 sermone
904 2834 1134 2879 ‘balineum’‚
1166 2834 1205 2868 in
1234 2845 1344 2870 uersu
1383 2832 1586 2869 ‘balneum'
1620 2831 1788 2868 dicimus.
1841 2864 1846 2869 .

264 2882 405 2920 Charis.
432 2885 448 2918 I
480 2888 572 2928 99‚3.
598 2884 650 2918 Κ.
682 2884 862 2919 Balneum
882 2885 1027 2918 ueteres
1046 2881 1220 2917 dixerunt
1244 2881 1322 2917 siue
1348 2882 1546 2924 balineum,
1571 2879 1666 2915 nihil
1690 2879 1789 2915 enim

263 2931 405 2978 differt,
431 2932 495 2967 sed
521 2931 558 2966 in
584 2931 754 2977 priuatis.
780 2931 819 2966 in
844 2930 1003 2985 publicis
1029 2931 1155 2966 autem
1179 2929 1350 2965 feminini
1375 2926 1531 2975 generis.
