1898 3294
758 191 1009 222 -v„-

114 279 269 334 nizonis.
324 302 586 345 quamquam
627 291 772 330 autem
818 286 862 330 hi
907 285 1095 340 codices,
1139 298 1249 341 quos
1293 283 1654 338 enumerauimus,

114 360 270 416 libros,
314 360 470 416 quibus
515 358 679 401 Placidi
723 358 897 414 glossae
942 357 1051 401 istae
1095 356 1390 411 continentur,
1434 357 1654 398 uetustate

115 430 246 487 longe
286 430 562 484 antecedunt,
594 429 714 472 uitiis
747 431 894 471 tamen
924 428 994 471 his
1026 428 1168 483 magis
1200 427 1350 470 referti
1381 431 1495 469 sunt.

855 581 909 624 Il.

193 686 320 729 Quae
353 685 470 722 ratio
502 684 621 721 inter
652 684 894 730 utriusque
925 682 1105 729 generis
1135 683 1279 719 libros
1310 682 1576 718 intercedat.

233 785 417 837 Quidam
441 800 537 827 cum
556 784 722 828 Placidi
742 784 890 839 libros,
911 799 1019 840 quos
1040 784 1213 840 quidem
1235 783 1373 826 adhuc
1393 783 1655 837 nouerimus,

114 859 256 900 aetate
287 857 525 899 recentiore
551 857 737 911 scriptos
764 870 857 898 esse
890 855 1099 910 uiderent,
1131 855 1418 910 coniecerunt,
1450 854 1654 896 extremis

116 928 282 971 mediae
326 928 485 971 aetatis
531 927 816 983 temporibus,
868 926 1025 982 quibus
1069 927 1222 969 literae
1267 929 1311 968 et
1354 928 1472 968 artes
1518 925 1656 967 bonae

116 999 239 1055 quasi
259 1002 437 1041 renatae
458 1014 551 1042 esse
571 999 782 1054 dicuntur,
814 998 985 1054 glossas
1004 996 1169 1040 Placidi
1198 1012 1249 1039 ex
1276 997 1390 1039 libro
1410 997 1655 1052 glossarum

115 1070 357 1126 exscriptas
396 1074 439 1113 et
478 1071 522 1113 in
562 1085 693 1113 unum
734 1069 938 1112 uolumen
975 1069 1182 1112 collectas
1221 1083 1328 1111 esse.
1385 1082 1435 1110 ea
1467 1067 1655 1122 suspicio

114 1141 195 1184 hac
240 1141 411 1197 quidem
448 1155 494 1183 re
538 1141 790 1196 adiuuatur,
831 1141 943 1196 quod
988 1140 1160 1195 utrique
1204 1140 1307 1182 libri
1357 1139 1500 1182 multa
1546 1138 1655 1180 uitia

115 1212 361 1255 communia
386 1212 564 1268 habent,
595 1215 644 1255 ut
675 1212 803 1255 alteri
835 1227 886 1254 ex
913 1211 1064 1254 alteris
1097 1211 1268 1254 deducti
1299 1211 1439 1253 uideri
1472 1210 1656 1265 possint.

117 1284 190 1326 sed
228 1283 308 1326 hoc
348 1284 443 1325 inde
484 1284 647 1326 factum
686 1298 779 1326 esse
824 1286 1023 1339 apparet,
1067 1282 1181 1337 quod
1226 1297 1275 1324 co
1320 1285 1533 1337 tempore,
1572 1296 1655 1337 quo

116 1355 229 1397 liber
260 1355 503 1409 glossarum
536 1355 736 1410 componi
769 1357 945 1410 coeptus
977 1357 1062 1409 est,
1100 1353 1250 1395 multis
1284 1353 1449 1395 mendis
1482 1353 1657 1408 glossae

117 1426 202 1468 iam
241 1441 442 1481 aspersae
482 1429 616 1468 erant.
670 1428 816 1481 potest
853 1428 999 1469 autem
1037 1423 1227 1479 ostendi,
1264 1424 1402 1466 libros
1435 1424 1601 1466 Placidi
1634 1438 1657 1466 e

116 1497 331 1554 glossario
364 1510 522 1552 magno
555 1511 642 1539 non
675 1497 815 1539 solum
847 1496 1062 1552 originem
1093 1511 1182 1539 non
1212 1496 1384 1551 ducere,
1416 1495 1490 1538 sed
1523 1495 1654 1537 etiam

116 1568 336 1610 nonnullis
368 1567 475 1610 locis
508 1582 558 1610 ex
598 1582 647 1610 eo
686 1567 974 1623 interpolatos
1008 1582 1058 1610 ac
1090 1567 1348 1623 deprauatos
1381 1582 1487 1610 esse.
1537 1567 1658 1609 uelut

117 1639 162 1681 in
199 1638 232 1681 C
263 1639 426 1681 multae
463 1639 655 1695 glossae,
693 1654 804 1694 quae
842 1639 887 1681 in
919 1640 1018 1682 aliis
1050 1638 1175 1681 libris
1207 1639 1375 1681 Placidi
1407 1638 1555 1680 eadem
1586 1637 1657 1680 uel

117 1710 250 1752 simili
292 1710 461 1753 ratione
499 1713 728 1765 corruptae
768 1713 869 1752 sunt
901 1713 1031 1766 atque
1063 1711 1108 1752 in
1139 1711 1252 1753 libro
1287 1710 1550 1766 glossarum,
1582 1711 1658 1751 aut

117 1796 246 1824 sanae
273 1784 348 1824 aut
373 1784 487 1824 certe
514 1781 656 1823 minus
688 1781 868 1824 uitiatae
901 1781 1290 1837 deprehenduntur,
1321 1784 1370 1824 ut
1402 1780 1658 1835 εανεεᾱεηἕως,

116 1854 363 1904 continuari,
388 1853 608 1907 ‹laer-umis,
632 1853 803 1895 dubium
832 1845 944 1907 quid,
974 1854 1168 1909 eyreqius,
1197 1853 1369 1908 euloyia,
1389 1850 1550 1894 helluo?
1577 1855 1657 1894 etc.

118 1925 163 1967 in
200 1924 398 1967 Romana
435 1924 623 1966 editione
660 1923 767 1966 Maii
806 1922 882 1980 (R)
921 1923 1206 1978 ‘equininam',
1242 1924 1289 1966 in
1326 1922 1360 1967 C
1392 1922 1657 1978 ‘ewquinam’‚

118 1996 164 2038 in
189 1995 414 2050 glossariis
442 1994 714 2050 ‘ecquinnam’
742 1995 811 2037 uel
844 1994 1075 2050 ‘ecquinam’
1108 1996 1318 2051 scriptum
1349 1994 1549 2050 legimus,
1583 1994 1656 2036 sed

119 2066 163 2108 in
198 2066 237 2108 H
270 2065 517 2122 ‘equirium’7
556 2066 669 2122 quod
708 2067 791 2108 etsi
829 2081 915 2108 non
947 2069 1114 2109 rectum
1147 2068 1231 2122 est,
1269 2068 1417 2108 tamen
1449 2066 1502 2108 ad
1534 2065 1657 2107 uerbi

120 2152 265 2180 ueram
306 2137 492 2180 formam
530 2137 708 2193 propius
748 2138 947 2179 accedere
991 2137 1175 2180 uidetur.
1238 2139 1303 2179 est
1347 2140 1493 2179 autem
1531 2137 1577 2178 in
1615 2136 1658 2178 H

118 2209 268 2251 subter
298 2224 448 2252 uocem
476 2208 710 2264 ‘equirium'
743 2209 858 2251 linea
883 2209 1012 2251 ducta
1038 2211 1082 2251 et
1112 2208 1158 2251 in
1188 2209 1390 2263 marginev
1415 2207 1657 2262 ‘equiniam’

119 2279 323 2323 additum.
385 2280 491 2322 item
536 2281 580 2322 in
623 2279 665 2322 H
709 2281 859 2323 subter
901 2295 992 2323 uoc.
1054 2278 1245 2335 ‘deliola'⁷
1285 2282 1334 2321 ut
1364 2294 1442 2335 pro
1475 2278 1657 2322 ‘doliola'

119 2352 328 2407 scriptum
378 2355 464 2406 est,
511 2352 626 2394 linea
676 2351 804 2394 ducta
852 2354 896 2393 et
940 2351 1129 2408 margini
1173 2349 1357 2394 ‘delioca’
1408 2350 1658 2405 appositum

118 2423 345 2478 reperitur.
395 2422 579 2466 ‘delioca’
612 2425 757 2466 autem
797 2425 841 2465 et
871 2423 1016 2478 ipsum
1047 2423 1092 2465 in
1124 2422 1162 2465 R
1194 2422 1370 2478 legitur*
1390 2424 1434 2464 et
1465 2421 1510 2463 in
1542 2421 1658 2476 glos·

120 2494 246 2537 sax-iis
266 2494 540 2537 simillimum
571 2493 832 2537 uocabulum
865 2492 1095 2548 εᾱεῑίοῳιαῖ
1146 2493 1248 2549 quid
1281 2492 1394 2548 quod
1426 2493 1472 2535 in
1503 2492 1545 2534 H
1566 2508 1598 2534 s.
1619 2508 1658 2534 u.

121 2562 432 2608 ‘lvoeulentassit'
452 2569 732 2621 utrorumque
752 2565 965 2626 librorum
992 2565 1232 2620 scripturae
1264 2565 1357 2608 siue
1389 2556 1657 2620 compositae

121 2634 212 2677 siue
243 2636 445 2679 confusae
476 2639 589 2680 sunt.

240 2705 332 2749 Iam
370 2723 502 2763 supra
537 2708 741 2762 diximus,
786 2707 1003 2763 glossaria
1046 2708 1175 2763 longe
1219 2707 1418 2762 pluribus
1457 2707 1658 2749 laborare

121 2777 241 2820 uitiis
274 2792 402 2832 quam
421 2778 558 2822 libros
578 2779 757 2822 Placidi.
807 2780 852 2821 in
882 2779 973 2821 illis
1006 2778 1120 2821 enim
1152 2778 1292 2821 multa
1321 2778 1467 2833 inepte
1499 2777 1658 2832 addita,

121 2848 258 2891 multa
301 2849 565 2904 interpolata
601 2853 714 2892 sunt.
789 2837 955 2893 accedit
997 2849 1111 2905 quod
1155 2865 1242 2892 non
1283 2849 1444 2892 multae
1483 2848 1657 2903 glossae

121 2919 416 2975 inueniuntur,
455 2921 527 2963 ubi
566 2936 651 2963 non
695 2921 866 2976 aliquae
904 2921 1219 2976 discrepantiae
1262 2935 1421 2975 eaeque
1465 2935 1657 2963 nonnun-
