1898 3294
817 177 1116 206 —xnffl

205 268 312 323 ipsis
344 269 506 311 Placidi
538 269 682 310 uerbis
715 270 968 311 consentire.
1019 273 1064 311 at
1097 270 1243 325 quidni
1269 271 1503 326 credamus,
1535 272 1734 315 Plautum

205 342 248 381 et
271 340 423 394 ‘ipsum
461 340 535 381 illa
573 339 784 381 uocabula
820 354 1050 394 usurpasse
1088 343 1131 382 et
1163 339 1360 382 Seruium
1392 342 1563 384 eosdem
1595 356 1734 398 gram-

205 409 386 450 maticos
420 411 588 451 ueteres
622 410 777 451 adiisse
811 425 917 465 quos
947 410 1199 453 Placidum?
1238 411 1323 453 iam
1357 412 1479 467 quod¹
1502 407 1613 468 apud
1654 414 1734 456 Lu-

205 480 382 521 ctatium
417 480 625 535 quaedam
657 481 866 522 uocabula
910 481 1027 522 uarie
1071 482 1233 536 scripta
1277 485 1394 537 sunt,
1438 487 1486 525 ut
1527 483 1735 527 ‘abludam

205 550 372 604 apluda,
403 564 553 593 ancras
571 565 735 605 anyrczc,
767 552 916 593 adorea
946 550 1120 605 adoria’,
1152 552 1249 594 inde
1279 567 1367 594 non
1400 554 1604 609 sequitur,
1637 570 1734 597 cum

204 619 372 673 glossas
405 620 457 661 ad
489 621 680 663 diuersos
713 624 911 663 auctores
943 622 1287 677 interpretandos
1320 626 1628 679 composuisse,
1660 626 1734 668 sed

203 705 288 731 una
329 705 425 732 cum
463 692 739 746 glossematis
776 692 941 734 uariam
981 693 1240 747 scripturam
1274 695 1497 749 recepisse.
1548 699 1593 737 at
1624 710 1733 750 quae

203 761 315 814 apud
354 761 595 816 Placidum,
635 778 894 818 quamquam
933 763 1147 819 scriptura
1184 764 1311 806 huius
1348 765 1433 807 loci
1463 779 1734 820 nequaquam

203 834 320 872 certa
359 835 442 887 est,
482 833 542 874 sic
579 833 782 888 leguntur
821 834 999 888 scripta:
1049 835 1249 876 Burrac
1278 836 1563 888 uarroniae,
1592 837 1735 888 fatuae

200 915 248 943 ac
276 903 478 956 stupidae,
516 918 543 945 a
571 904 717 957 fabula
747 906 927 958 quadam
967 905 1167 948 Varronis
1197 897 1392 958 auctoris,
1431 921 1555 959 quam
1586 907 1735 950 burras

200 973 436 1027 inscrfflsit',
481 975 653 1016 obstare
693 976 908 1030 uidentur,
953 977 1181 1031 quominus
1224 991 1249 1018 a
1293 977 1491 1019 Luctatio
1529 977 1733 1020 Plautum

201 1044 462 1098 explicatum
494 1060 586 1087 esse
626 1046 861 1089 credamus.
915 1061 1016 1088 nam
1055 1047 1093 1089 si
1124 1047 1358 1102 originatio
1390 1048 1589 1090 uocabuli
1623 1047 1733 1090 ‘uar—

199 1114 358 1157 ronius'
397 1118 510 1158 recte
549 1131 593 1158 se
625 1117 802 1172 habeat,
841 1117 1016 1159 Plautus
1050 1117 1123 1173 qui
1154 1118 1348 1161 Varrone
1379 1119 1507 1173 longe
1539 1120 1732 1174 superior

199 1184 283 1226 fuit
309 1188 463 1242 aetate,
494 1187 571 1228 illo
604 1202 705 1230 usus
739 1203 830 1230 esse
861 1203 949 1230 non
979 1190 1135 1242 potest.
1174 1192 1219 1230 at
1251 1204 1346 1231 cum
1378 1189 1485 1231 illud
1517 1205 1542 1231 a
1573 1189 1732 1232 ‘uarro'

203 1255 246 1296 id
291 1259 358 1297 est
402 1257 559 1299 stultus
599 1258 668 1299 uel
711 1258 882 1313 ineptus
926 1259 1023 1301 duci
1066 1259 1240 1314 debeat,
1281 1260 1508 1314 probabile
1551 1260 1761 1315 uidetur„

199 1325 422 1369 Placidum
459 1328 506 1369 in
544 1328 702 1383 glossis
735 1329 925 1384 antiquis
962 1329 1068 1372 haec
1099 1330 1335 1372 inuenisse:
1375 1330 1590 1373 ‘Bm-rae
1618 1345 1733 1373 uar-

199 1399 389 1453 romae,
418 1399 562 1452 fatuae
588 1413 653 1441 fac
694 1399 909 1455 stquidae’,
951 1400 1093 1455 ipsum
1137 1404 1280 1443 autem
1324 1401 1444 1443 illam
1487 1416 1637 1443 uocem
1680 1402 1733 1444 ad

203 1467 455 1510 Terentium
475 1470 716 1512 Varronem
735 1471 934 1512 retulisse
961 1473 1004 1512 et
1035 1474 1176 1514 cetera
1197 1472 1427 1527 affluxisse,
1459 1474 1534 1514 aut
1565 1487 1614 1514 ex
1647 1472 1732 1514 alio

200 1539 410 1594 scriptore
442 1540 520 1582 has
551 1555 688 1596 nugas
723 1542 949 1583 addidisse.
1642 1536 1646 1539 ’

320 1609 427 1652 Cum
473 1614 616 1653 autem
666 1613 828 1654 multae
878 1613 1050 1667 glossae
1095 1613 1147 1655 ad
1196 1613 1365 1655 fabulas
1415 1613 1575 1668 Plauti,
1625 1629 1733 1668 quac

203 1681 448 1724 etiamnunc
481 1684 669 1737 exstant,
713 1682 863 1724 referri
899 1686 1132 1738 nequeant,
1180 1684 1319 1726 facere
1359 1699 1447 1726 non
1494 1699 1734 1739 possumus,

137 1747 140 1750 ¹
201 1751 306 1806 quin
343 1767 414 1794 eas
452 1753 633 1808 perditis
672 1753 817 1795 Plauti
856 1753 1012 1797 fabulis
1051 1755 1142 1797 siue
1174 1755 1314 1797 dubiis
1348 1755 1437 1797 siue
1471 1755 1627 1809 spuriis
1659 1756 1733 1797 tri-

199 1822 392 1865 buamus.
454 1824 664 1878 quaedam
701 1827 847 1866 tamen
885 1825 939 1867 ad
975 1828 1173 1880 tempora
1209 1825 1414 1867 Plautina
1450 1827 1566 1868 nullo
1604 1828 1731 1869 modo

199 1894 394 1936 reuocari
412 1898 608 1949 possunt,
627 1895 747 1937 uelut
767 1894 1000 1951 ‘mvmicepffi
1019 1897 1264 1951 ambroncm,
1280 1897 1514 1952 priuileyia,
1545 1898 1732 1941 romam'.

199 1964 287 2006 alia
325 1967 399 2006 aut
438 1965 628 2020 antiquis
667 1967 989 2008 commentariis
1028 1967 1243 2009 Plautinis
1282 1967 1447 2009 intexta
1486 1968 1619 2010 fuisse
1658 1972 1733 2011 aut

189 2034 366 2077 Placidi
402 2036 526 2078 libris
566 2037 830 2079 extrinsecus
862 2038 1031 2079 adiecta
1061 2025 1260 2079 uidentur
1292 2052 1409 2092 esse„
1433 2041 1480 2080 ut
1511 2037 1732 2094 ‘anamma

198 2106 427 2148 commata&
464 2110 683 2162 postremo
699 2122 807 2162 quae
828 2123 859 2150 s.
879 2123 918 2150 11.
934 2107 1097 2161 ‘faetus’
1118 2111 1384 2163 enarrantur,
1406 2109 1443 2150 si
1462 2109 1589 2151 modo
1602 2110 1730 2170 lectio

199 2191 305 2218 sana
337 2177 405 2232 sit,
444 2192 687 2220 sermonem
719 2179 875 2221 aetatis
907 2179 1107 2220 barbarie
1139 2180 1226 2221 iam
1258 2179 1496 2221 infuscatae
1528 2180 1731 2223 indicant.

318 2246 518 2291 Ceterum
556 2249 662 2290 haec
701 2250 846 2292 omnia
883 2250 934 2291 de
970 2249 1058 2291 illis
1095 2252 1265 2291 tantum
1304 2250 1460 2304 glossis
1493 2250 1607 2294 dicta
1638 2267 1730 2295 esse

199 2318 417 2373 uolumus,
455 2334 562 2374 quae
599 2320 922 2362 libris.Placidi
959 2321 1246 2363 continentur.
1294 2321 1549 2363 ueniendum
1580 2325 1647 2364 est
1678 2323 1730 2365 ad

199 2404 249 2431 ea
292 2390 573 2445 glossemata,
617 2405 725 2446 quae
774 2391 821 2433 in
857 2391 970 2433 libro
1016 2392 1258 2446 glossarum
1300 2394 1525 2446 tamquam
1566 2392 1729 2435 Placidi

197 2461 373 2515 propria
414 2461 639 2503 adduntur.
698 2476 880 2517 quorum
916 2462 1104 2517 plurima
1147 2462 1250 2516 quin
1289 2477 1376 2504 non
1419 2463 1470 2504 ad
1514 2462 1729 2519 Plautum,

199 2531 272 2572 sed
312 2532 365 2573 ad
402 2533 510 2575 alios
551 2535 756 2575 auctores
785 2533 1047 2588 pertineant,
1095 2547 1182 2574 non
1219 2535 1285 2574 est
1323 2533 1435 2588 quod
1474 2533 1731 2577 dubitemus.

200 2602 359 2644 multae
405 2607 505 2646 sunt
549 2605 721 2659 glossae
765 2602 1054 2659 Virgilianae,
1096 2604 1216 2646 uelut
1260 2603 1325 2646 ‘ab
1367 2604 1467 2657 alto,
1510 2605 1730 2656 adtonitus,

198 2684 360 2728 aspera,
391 2675 617 2730 caelicolae,
648 2675 846 2729 camuris,
883 2688 1041 2730 capere,
1081 2674 1281 2729 chalybes,
1313 2674 1520 2726 concilias,
1552 2675 1728 2729 confieri,

197 2744 401 2799 continuo,
433 2745 623 2787 comceoeo'
649 2748 727 2786 etc.
766 2745 879 2798 aliis,
911 2760 1091 2799 quarum
1122 2759 1323 2786 numerus
1351 2744 1606 2799 Virgilianis
1637 2743 1727 2786 fere

196 2826 275 2865 par
307 2817 388 2869 est,
420 2830 488 2858 res
521 2816 573 2858 ad
594 2816 927 2871 grammaticam
957 2816 1220 2870 pertinentes
1252 2816 1513 2858 definiuntur
1542 2815 1726 2878 plerum-

198 2897 277 2937 que
315 2885 587 2941 breuissime,
626 2889 672 2929 ut
709 2886 909 2929 ‘accentus
915 2919 926 2941 ,
963 2887 1235 2941 anadzfflosis,
1275 2887 1538 2941 mam-oloyia,
1570 2886 1728 2939 tricola,
