1898 3294
867 193 913 195 ψ
977 168 1035 209 40
1096 193 1166 215 —.

242 271 528 314 Exalbidas
560 287 645 313 11011
679 270 846 328 ‘alb-aff,
879 273 953 315 sed
985 272 1134 329 ‘prope
1168 275 1319 318 albas’.

242 330 575 385 Emissarius,
596 330 859 386 flagitiorum
880 334 923 374 et
942 332 1136 376 luxuriae
1157 335 1342 378 satelles.
1386 351 1406 377 6
1419 336 1604 379 atelles
1623 340 1768 380 autem

302 406 327 432 a
358 389 664 432 satisfaciendo
696 390 847 432 dictus.

242 448 473 503 Explicit
516 449 570 490 ad
607 449 767 491 librum
798 450 995 493 refertur.
1050 452 1302 506 explicuit
1335 455 1479 496 autem
1518 457 1561 497 et
1604 455 1768 511 expli-

306 508 444 550 cauit
476 508 530 549 ad
560 508 798 564 hominem,
830 511 878 551 ut
904 510 939 552 si
966 509 1155 553 dicamus
1177 510 1371 567 ‘explicit
1390 512 1515 555 liber'
1548 513 1769 570 ‘explicuit

303 566 433 609 homo
466 581 574 621 opus
607 567 758 609 suum'.

243 625 538 680 Extemplo,
571 627 734 682 subito,
766 628 990 683 continuo,
1021 629 1154 671 ilico.-

241 684 481 740 Eulogia7
501 686 648 727 laudes
669 687 929 729 enucleatae.
966 687 1071 729 item
1091 703 1248 731 arcana
1266 690 1335 731 uel
1356 691 1563 745 mysteria
1581 691 1768 735 deorum.

242 744 448 798 Edulia,
481 744 600 786 cibus
633 745 702 786 uel
735 760 849 801 esca,
881 746 935 788 ab
969 747 1130 789 edendo
1163 748 1290 791 dicta.

194 818 226 843 ιο
244 803 462 845 Euitare
504 807 570 845 est
618 804 760 846 locum
811 808 884 847 aut
933 805 1153 848 hominem
1196 808 1375 862 periculi
1426 824 1475 852 ac
1523 810 1768 853 formidinis

191 1114 223 1139 15

186 1411 221 1436 20

303 862 478 917 plenum
511 863 703 906 euadere.

240 921 554 964 Exitiabilis
594 926 659 964 est
695 923 826 965 homo
865 924 938 979 qui
983 924 1059 967 alii
1104 926 1284 968 exitium
1326 930 1532 982 praestat.
1587 928 1769 971 dicimus

300 981 415 1022 enim
446 981 713 1023 exitiabilem
745 985 788 1025 et
819 983 979 1039 locum,
1010 984 1055 1027 in
1087 1000 1169 1040 quo
1191 985 1370 1028 exitium
1402 986 1495 1029 fieri
1527 989 1689 1043 potest,
1719 990 1768 1030 ut

299 1040 427 1082 fouea
457 1041 527 1082 uel
559 1041 741 1095 gladius.

242 1098 504 1154 Ephippia
536 1103 636 1142 611111
668 1115 874 1156 equorum
905 1102 1028 1144 freni.

241 1157 536 1214 Exerimus,
566 1159 839 1214 proferimus.

238 1217 477 1273 Eritudo,
508 1218 759 1261 dominatio.

238 1276 512 1332 Epicroca‚
544 1278 776 1332 perlucida.

239 1335 552 1392 Exanclare,
585 1338 829 1380 exanimare
861 1340 930 1381 uel
963 1340 1195 1383 exinanire.

239 1394 577 1452 Eliminauit‚
610 1399 730 1439 extra
761 1398 894 1440 limen
926 1399 1092 1442 extulit.

240 1454 573 1511 Effafilatus,
617 1459 764 1499 exerto
808 1457 1004 1514 humero⁷
1054 1459 1098 1501 id
1143 1462 1210 1502 est
1258 1463 1380 1503 extra
1423 1461 1546 1503 filum
1590 1476 1769 1504 manum

300 1528 479 1556 exerens
511 1515 555 1557 id
582 1519 644 1558 est
668 1516 903 1571 proferens.

239 1573 473 1629 Exitam‚
505 1574 674 1617 finitam
683 1609 695 1630 ,
727 1578 934 1619 exactam.

239 1632 360 1688 Era,
392 1633 578 1676 domina.
629 1649 783 1690 erum,
815 1636 1047 1679 dominum.

337 1825 353 1855 1
382 1821 544 1857 Exalbas
571 1822 604 1857 G
749 1826 770 1857 4
795 1822 983 1869 Explicuit
1008 1826 1133 1860 autem
1166 1827 1204 1860 et
1234 1825 1437 1871 explicauit
1467 1827 1523 1862 H:
1555 1827 1768 1873 Expliciunt

239 1869 365 1903 autem
392 1870 429 1903 et
454 1868 633 1913 explicuit
658 1871 695 1905 et
720 1870 923 1915 explicauit
947 1871 994 1916 R,
1021 1871 1247 1917 Expliciunt.
1273 1873 1311 1908 C.
1340 1873 1377 1916 Ο,
1403 1874 1617 1919 Explicauit
1641 1877 1767 1910 autem

239 1917 278 1950 et
303 1915 483 1960 explicuit
508 1916 541 1950 G
686 1922 706 1952 6
733 1918 804 1953 hoc
831 1918 875 1961 G,
900 1918 1011 1954 homo
1038 1932 1065 1953 ω
1089 1920 1093 1964 Ι
1116 1930 1208 1965 opus
1235 1932 1342 1955 suum
1366 1920 1455 1957 RG:
1481 1921 1701 1967 opusculum
1727 1923 1767 1966 G,

239 1973 330 2007 opus
362 1964 467 1998 tuum
494 1963 539 1997 H
703 1969 723 2000 8
749 1965 909 2010 Eulogia
935 1966 979 2001 G:
1016 1966 1172 2012 Eologia
1197 1970 1229 2002 et
1253 1967 1388 2013 Elogia
1413 1968 1469 2011 G,
1495 1968 1628 2014 Elogia
1654 1969 1731 2005 HR
1760 1970 1764 2014 1

237 2010 415 2055 mysteria
429 2011 480 2045 R:
508 2010 675 2047 misteria
689 2011 739 2055 G,
759 2012 966 2049 ministeria
981 2013 1055 2049 CH
1072 2014 1076 2058 Ι
1099 2013 1271 2049 dicuntur
1287 2014 1325 2058 G,
1340 2014 1491 2051 deorum
1507 2029 1534 2051 ω
1585 2021 1605 2052 9
1633 2016 1767 2053 Edulia.

238 2058 386 2102 scripsi:
419 2058 538 2093 Edule
564 2058 653 2104 RG,
685 2059 827 2095 Edulae
853 2060 898 2094 H
915 2062 919 2103 Ι
942 2060 1046 2096 cibus
1072 2061 1127 2096 R:
1166 2061 1248 2097 cibo
1274 2062 1350 2098 HG
1372 2064 1377 2107 Ι
1399 2062 1500 2099 dicta
1532 2063 1628 2100 va:
1667 2064 1767 2101 dicte

238 2116 293 2139 mr
392 2109 434 2140 12
461 2107 527 2141 aut
551 2106 639 2142 RG:
667 2108 705 2142 et
724 2107 769 2141 H
786 2109 791 2151 Ι
813 2118 856 2143 ac
875 2107 979 2143 Hva:
1005 2109 1072 2144 aut
1095 2108 1154 2144 Rb
1254 2114 1295 2145 13
1317 2111 1354 2145 et
1373 2121 1439 2146 om.
1459 2110 1496 2146 R
1595 2115 1638 2147 15
1663 2111 1768 2148 frena

240 2152 277 2185 P
391 2157 432 2187 17
460 2153 626 2189 Erutudo
652 2154 686 2189 G
795 2158 838 2190 18
865 2154 1045 2201 Epicroca
1069 2168 1089 2191 r
1111 2156 1271 2202 Papias:
1297 2156 1474 2203 Epripica
1501 2158 1553 2202 P,
1579 2158 1767 2204 Epyprica.

238 2200 280 2234 bv
303 2199 308 2243 1
331 2199 522 2245 perlucida
547 2213 570 2236 a
592 2201 751 2245 Papias:
784 2202 1000 2247 praelucida
1027 2203 1098 2238 PG
1195 2208 1238 2239 19
1265 2203 1475 2241 examinare
1503 2205 1541 2240 P
1633 2211 1679 2242 20
1705 2218 1764 2242 ex-

237 2247 336 2292 pulit
363 2247 400 2280 P
425 2251 430 2288 1
457 2249 500 2283 111
524 2248 622 2293 apud
648 2249 856 2285 Horatium.
907 2249 955 2286 sit
979 2250 1044 2295 qui
1068 2250 1170 2286 dicta
1200 2251 1298 2287 foras
1323 2251 1492 2288 eliminet
1516 2254 1659 2289 addwnt
1684 2254 1718 2289 G

238 2298 281 2329 21
309 2293 516 2329 Effafilatus
543 2295 672 2331 HRG:
698 2296 910 2332 Exasilatus
938 2297 975 2341 Ο,
1001 2298 1241 2334 Extrafilatus
1269 2298 1414 2344 Papias
1434 2301 1439 2344 1
1460 2299 1499 2335 id
1532 2303 1590 2336 est
1616 2301 1666 2337 P:
1695 2301 1766 2337 hoc

241 2342 298 2376 est
323 2342 356 2377 G
377 2343 382 2386 Ι
404 2352 557 2377 manum
583 2343 633 2378 G:
660 2354 774 2378 manu
800 2344 885 2387 GR,
917 2345 1039 2380 manci
1065 2345 1110 2380 H
1225 2349 1270 2381 22
1297 2357 1447 2383 exerens
1471 2346 1511 2383 id
1535 2349 1592 2384 est
1615 2349 1765 2393 scripsi:

236 2388 275 2423 id
301 2389 358 2424 est
383 2390 488 2424 extra
512 2389 604 2425 RG:
630 2391 670 2426 id
695 2391 751 2426 est
771 2391 809 2436 0,
835 2393 939 2427 extra
958 2392 1003 2427 H
1093 2396 1140 2428 24
1167 2404 1229 2429 era
1255 2393 1340 2429 CR:
1365 2394 1465 2430 Hera
1489 2394 1563 2431 Era
1587 2395 1638 2441 H,
1664 2407 1766 2432 eram

238 2436 272 2471 G
293 2437 298 2475 1
321 2436 510 2472 dominam
537 2437 570 2473 G
592 2440 596 2479 1
620 2449 723 2473 erum
751 2438 797 2474 G:
824 2439 959 2475 eritum
979 2439 1050 2475 RG
1280 2457 1283 2459 >

335 2535 353 2566 7
381 2532 584 2578 extemplo]
605 2534 747 2577 passim
772 2545 831 2578 ap.
861 2533 1050 2569 Plautum.
1077 2536 1123 2579 cf.
1157 2535 1263 2572 Varr.
1289 2535 1333 2571 L.
1354 2535 1398 2571 L.
1426 2540 1516 2581 7‚13.
1543 2537 1647 2573 Seru.
1674 2538 1765 2574 Aen.

241 2582 330 2622 1‚91.
358 2582 473 2621 2,699.
500 2583 567 2622 8,4.
599 2581 692 2616 Isicl.
720 2581 768 2615 D.
803 2581 843 2617 V.
873 2585 939 2616 193
1067 2585 1088 2616 8
1115 2582 1277 2628 eulogia]
1305 2584 1350 2626 cf,
1376 2583 1574 2629 Eulogium
1593 2597 1633 2630 Ρ.
1660 2589 1717 2622 37.

240 2629 282 2660 12
309 2625 531 2672 exitiabilis]
558 2627 604 2670 cf.
634 2627 763 2664 Plaut.
789 2628 904 2673 Epid.
930 2631 1058 2673 4‚2,52.
1158 2633 1199 2665 17
1226 2629 1388 2677 eritudo]
1415 2631 1456 2665 F
1454 2635 1514 2667 est.
1537 2632 1646 2668 Paul.
1671 2636 1764 2678 83,1.

237 2674 342 2718 yloss.
368 2673 484 2708 Labb.
510 2677 542 2709 et
570 2674 641 2708 ΟΡ
658 2687 698 2719 p.
725 2679 805 2711 275.
832 2675 1030 2720 Heritudo,
1056 2676 1279 2722 dominatio,
1304 2677 1521 2715 dominium.
1619 2682 1663 2715 18
1690 2679 1766 2726 epi-

240 2720 361 2766 croca]
398 2721 443 2763 cf.
479 2720 605 2757 Plaut.
650 2722 750 2758 Pers.
786 2727 909 2767 1,3‚16.
948 2724 1046 2759 Fest.
1081 2723 1190 2760 Paul.
1224 2728 1339 2769 82,13.
1396 2725 1618 2771 Epicrocum
1647 2738 1765 2773 genus

239 2766 390 2803 amiculi
415 2779 521 2803 croco
547 2769 723 2814 tinctum,
748 2772 859 2806 tenue
885 2772 923 2806 et
946 2771 1184 2817 pellucidum.
1229 2774 1275 2815 cf.
1302 2772 1563 2818 Epicroculum
1582 2785 1623 2820 p.
1649 2778 1707 2810 41.

239 2819 282 2849 21
311 2814 524 2862 effafilatus]
551 2816 649 2852 Fest.
679 2817 788 2855 Paul.
815 2822 907 2860 83,6.
934 2819 979 2863 cf.
1008 2819 1137 2855 Muell.
1164 2820 1214 2854 ad
1237 2820 1271 2855 h.
1298 2821 1321 2855 l.
1419 2825 1462 2856 23
1489 2821 1642 2867 exitam]
1662 2821 1762 2858 Fest.

242 2861 353 2897 Paul.
385 2866 477 2907 28,5.
522 2863 578 2898 Ad
611 2864 748 2900 exitam
780 2867 961 2911 aetatem,
995 2866 1042 2902 ad
1068 2865 1240 2902 ultimam
1277 2868 1451 2904 aetatem.
1613 2873 1658 2904 24
1684 2870 1761 2916 era]

236 2909 375 2954 passim
400 2921 460 2955 ap.
489 2909 669 2947 Plautum
