1898 3294
200 839 233 863 10

868 187 1160 229 -58-

252 290 533 347 Inuestem,
564 292 802 348 impubem,
834 293 925 335 sine
956 293 1106 335 barba.

253 350 570 406 Instragula‚
602 352 813 407 stragula,
846 352 899 394 ab
933 352 1175 395 sternendo.

190 464 193 469 Ι
252 409 509 465 Ingraffis,
542 410 633 452 sine
665 411 900 454 uoluntate.

253 468 456 523 †Infuit
487 469 646 511 dictum
679 470 733 511 ab
766 485 815 512 eo
849 470 962 526 quod
982 471 1265 525 praeteritum
1298 474 1467 526 tempus
1500 471 1780 526 significetur.

253 527 539 583 quencam,
571 529 770 571 iuuenem
800 530 1001 584 puellam.
1607 525 1614 531 N

252 586 307 629 Iu
315 587 366 642 gi
397 587 597 642 Iunoni,
628 603 654 630 a
685 603 769 643 qua
801 588 935 631 ‘uicus
967 588 1187 644 iugarius'.
1228 604 1301 631 ara
1331 589 1392 631 ibi
1425 590 1510 631 sita
1541 591 1618 632 est.

252 645 552 702 Infeficare,
584 647 799 690 infelicem
831 648 989 703 facere,
1021 648 1233 703 affligere.

252 705 309 747 In
317 721 344 748 u
353 721 376 747 0
388 706 402 746 1
412 722 437 748 a
444 720 473 747 n
483 708 502 748 t
508 739 519 761 ,
551 706 776 760 inuadunt,
808 707 1032 762 arripiunt.

251 763 475 819 sterant,
506 765 673 820 dicunt,
704 766 908 808 indicant.
1131 820 1134 823 ἢ

251 822 506 878 Inciente‚
525 824 748 879 innitente,
767 825 974 880 pariente,
1006 841 1031 867 a
1051 825 1199 867 ciendo
1221 828 1264 867 et
1290 825 1528 868 inuocando
1559 827 1781 882 proximos

313 898 504 938 quosque
537 884 830 926 auxiliatores.

251 942 270 983 I
280 943 330 984 nl
340 958 367 984 u
376 942 425 984 ui
435 957 457 984 e
464 975 475 996 ‚
504 943 688 997 incuria,
721 943 931 985 sordibus.

251 1001 596 1057 Inclamitari,
629 1002 869 1044 conuicium
901 1003 1004 1058 pati.
1036 1002 1270 1045 ‘interdum
1303 1002 1494 1057 ‘corripi'
1526 1006 1603 1046 est.

251 1061 445 1116 Igitur,
476 1063 588 1115 tum,
619 1061 783 1110 deinde.

216 1135 231 1159 5
251 1120 272 1161 I
282 1135 309 1161 n
318 1133 346 1175 g
355 1121 370 1161 1
379 1136 406 1162 u
414 1120 464 1162 ui
473 1135 494 1162 e
503 1136 546 1162 m
579 1119 793 1164 Cornutus
827 1120 1066 1176 euentrem’,
1097 1121 1263 1164 Plinius
1296 1121 1596 1163 ‘edacitatem’.

251 1179 271 1220 1
281 1175 309 1221 n
339 1195 383 1221 m
391 1179 487 1221 und
497 1195 521 1221 o
529 1213 540 1234 ,
571 1179 616 1221 in
648 1180 846 1235 expedito
878 1181 946 1222 uel
979 1181 1032 1222 ad
1064 1196 1255 1235 manum,
1286 1180 1331 1222 in
1362 1181 1595 1235 procinctu.

251 1240 281 1293 ἦ·
290 1238 310 1280 Ι
319 1254 344 1281 a
352 1253 374 1280 c
382 1239 432 1281 ul
443 1239 502 1281 ab
512 1254 535 1280 o
543 1254 564 1280 r
570 1273 582 1295 ,
613 1240 811 1281 seruiam.
860 1239 1021 1282 dictum
1052 1255 1078 1282 a
1109 1240 1269 1285 caculis
1276 1273 1288 1295 ‚
1320 1239 1392 1295 qui
1425 1242 1526 1282 sunt
1556 1240 1780 1283 militares.

251 1297 575 1354 Interficito‚
606 1298 883 1354 interrumpe.

347 1455 364 1485 1
394 1450 432 1485 in
465 1452 606 1486 uestem
636 1451 830 1497 Impubem
862 1451 918 1486 H:
950 1451 1144 1496 Impubem
1175 1451 1359 1487 inuestem
1390 1451 1446 1497 R,
1474 1451 1648 1497 Impubes
1680 1451 1712 1488 0

252 1502 272 1533 3
299 1497 377 1533 sine
402 1498 596 1533 uoluntate
628 1498 796 1534 nolentia
821 1498 854 1534 G
1022 1502 1044 1533 4
1070 1498 1184 1533 Infuit
1207 1499 1261 1534 R:
1292 1499 1418 1534 Influit
1442 1499 1499 1544 H,
1531 1498 1698 1534 Infundit
1722 1511 1742 1535 v
1770 1498 1775 1547 1

250 1545 495 1590 praeteritum
518 1557 558 1581 v:
583 1547 732 1591 praeter
759 1546 795 1580 P
814 1547 819 1588 1
843 1545 1070 1591 significetur
1093 1557 1132 1581 v:
1164 1545 1347 1591 significet
1371 1546 1423 1591 R,
1450 1546 1637 1591 significat
1660 1547 1707 1582 H

251 1597 271 1627 5
297 1592 471 1628 iuuenem
497 1593 590 1628 HR:
616 1593 788 1628 iuuenam
816 1593 865 1628 Cv
986 1598 1006 1629 6
1031 1605 1125 1628 unus
1151 1594 1310 1639 Iuganus
1338 1593 1369 1629 (J
1486 1598 1505 1628 7
1534 1593 1697 1639 affligere
1723 1594 1777 1630 G:

250 1640 416 1686 infligere
445 1640 482 1674 P
623 1645 643 1675 9
669 1641 811 1676 Iterant
834 1641 925 1676 RG:
951 1641 1119 1676 Interant
1145 1641 1189 1685 Ο,
1215 1641 1383 1676 Interunt
1408 1641 1451 1675 H
1469 1644 1473 1687 Ι
1496 1641 1674 1676 inducant
1699 1641 1731 1677 Ο

252 1691 295 1722 10
329 1687 512 1724 innitente
546 1688 675 1723 HRG:
707 1687 746 1723 in
776 1687 919 1724 intente
953 1688 983 1724 G
1150 1693 1189 1723 11
1224 1699 1388 1734 quosque
1423 1688 1496 1723 Rr:
1523 1700 1672 1734 quoque
1698 1702 1727 1723 ω

251 1739 292 1769 12
321 1735 491 1780 Ingluuie
517 1736 562 1769 H
678 1739 723 1770 14
747 1737 826 1770 tum
854 1735 900 1771 G:
929 1736 1016 1771 dum
1045 1735 1082 1769 P
1200 1740 1243 1770 15
1268 1736 1411 1771 Plinius
1438 1735 1530 1771 HR:
1562 1735 1709 1782 plenius
1736 1736 1774 1781 O,

248 1783 379 1827 plenus
398 1794 417 1818 v
486 1786 530 1818 16
550 1782 589 1818 in
607 1782 781 1828 expeditu
800 1794 832 1827 v,
851 1783 1024 1828 expedito
1053 1783 1089 1816 P
1109 1785 1113 1827 Ι
1134 1782 1172 1818 in
1199 1782 1390 1828 procinctu
1414 1783 1563 1828 scripsi:
1585 1783 1776 1829 procincto

250 1830 336 1865 libri
406 1834 446 1865 17
474 1830 668 1872 Iaculabor
687 1830 747 1874 C'o,
773 1829 853 1865 Iani
872 1830 979 1866 labor
1003 1830 1091 1874 HR,
1116 1831 1223 1866 immo
1242 1830 1449 1866 Caculabor
1470 1833 1474 1875 ξ
1497 1830 1655 1866 seruiam
1680 1830 1776 1866 HR:

250 1877 411 1913 Seruium
433 1877 471 1921 Ο,
497 1887 645 1913 seruum
663 1889 684 1913 v
707 1881 712 1921 Ι
734 1876 871 1913 caculis
884 1889 966 1913 nos:
992 1878 1144 1913 calculis
1162 1889 1194 1923 v,
1219 1877 1351 1913 iaculis
1373 1877 1410 1912 P
1505 1881 1548 1913 18
1575 1877 1776 1914 Interficito

248 1925 395 1970 scripsi:
422 1925 610 1961 Interficto
635 1925 703 1969 Rv,
730 1925 928 1960 Interfecto
953 1925 998 1960 H

346 1989 363 2019 1
397 1983 597 2030 inuestem]
635 1983 732 2018 Fest.
768 1983 877 2020 Paul.
913 1988 1028 2028 368‚9.
1071 1983 1246 2029 inuestis,
1284 1984 1349 2029 qui
1378 1984 1537 2019 necdum
1577 1985 1775 2030 pubertate

250 2031 408 2067 uestitus
433 2032 500 2067 est.
621 2035 642 2066 3
672 2030 846 2078 ingratis]
877 2031 1038 2067 Plautus
1071 2032 1151 2068 Cas.
1177 2035 1304 2077 3,3‚15.
1332 2035 1394 2067 etc.
1515 2036 1535 2066 5
1562 2031 1774 2079 iuuencam]

253 2079 410 2124 Papias:
448 2079 626 2121 quenca‚
670 2078 814 2114 iuuenis
836 2078 1022 2115 ¹foemina.
1077 2079 1154 2113 01>
1175 2091 1216 2124 p.
1254 2081 1340 2114 288:
1378 2079 1595 2124 quencula,
1631 2079 1776 2115 iuuenis

249 2126 384 2172 puella.
501 2130 521 2162 6
546 2125 626 2171 iugi
649 2125 796 2172 iunoni]
822 2126 919 2162 Fest.
949 2126 1059 2162 Paul.
1087 2130 1225 2171 104,13.
1269 2125 1437 2172 Iugarius
1463 2126 1584 2172 uicus,
1610 2125 1698 2172 quia
1722 2125 1775 2162 ibi

248 2174 372 2210 fuerat
396 2184 462 2208 ara
479 2173 629 2208 Iunonis
653 2174 785 2219 Iugae,
812 2185 924 2219 quam
943 2174 1128 2222 putabant
1152 2173 1391 2210 matrimonia
1408 2173 1573 2219 iungere.
1598 2175 1644 2218 ef.
1670 2174 1774 2210 Seru.

249 2221 341 2256 Aen.
368 2225 460 2266 4,16.
498 2220 617 2266 iugali
635 2221 760 2256 autem
779 2222 933 2266 propter
956 2221 1102 2267 iugum,
1129 2221 1227 2266 quod
1252 2221 1514 2266 imponebatur
1538 2220 1776 2257 matrimonio

251 2267 527 2314 coniungendis.
564 2267 661 2303 unde
694 2269 732 2303 et
765 2268 871 2303 ‘Iuno
895 2268 1045 2314 iugalis’
1074 2267 1210 2304 dicitur
1253 2268 1421 2314 [quidam
1444 2268 1562 2313 iugali
1587 2267 1775 2313 accipiunt

250 2327 317 2360 pro
352 2315 541 2361 coniugali
577 2326 644 2360 per
680 2311 884 2359 ἀφαίρεσιν
922 2315 1019 2361 etc.].
1189 2320 1207 2351 7
1241 2315 1450 2362 infelicare]
1488 2315 1619 2351 Plaut.
1658 2316 1773 2351 Mero.

250 2367 378 2409 2‚3,98.
404 2366 465 2400 etc.
638 2365 659 2396 8
690 2362 874 2408 inuolant]
909 2362 1036 2398 Plaut.
1063 2363 1193 2408 Amph.
1225 2366 1349 2408 1,1,89.
1375 2363 1474 2399 Non.
1499 2366 1613 2406 3231.
1636 2366 1774 2408 128,17.

323 2415 343 2445 9
364 2409 518 2455 iterant]
539 2409 584 2453 cf.
605 2409 683 2444 Cas.
705 2413 810 2455 5,2‚5.
826 2414 858 2445 6.
1028 2414 1072 2445 10
1085 2410 1260 2456 inciente]
1275 2411 1381 2446 aliter
1400 2410 1498 2446 Fest.
1522 2409 1630 2445 Paul.
1659 2414 1774 2454 97,15.

250 2457 413 2513 Inciens3
446 2456 654 2502 propinqua
689 2457 831 2502 partui,
871 2457 969 2502 quod
1006 2457 1184 2493 incitatus
1222 2457 1271 2493 sit
1294 2458 1391 2493 fetus
1427 2457 1514 2492 eius.
1558 2458 1601 2492 cle
1637 2456 1776 2493 inciens

252 2523 296 2535 =
324 2502 496 2550 ἐγκυμων
521 2505 567 2547 cf.
593 2505 720 2540 leaeica.
819 2508 862 2539 12
887 2504 1046 2551 inluuie]
1076 2505 1203 2540 Plaut.
1232 2505 1342 2540 Most.
1365 2508 1490 2549 1‚1,39.
1515 2505 1613 2540 Non.
1635 2508 1774 2550 125‚25.

251 2556 390 2598 573,11.
426 2551 530 2587 Seru.
556 2552 647 2587 Aen.
674 2555 790 2596 3,593.
937 2556 980 2588 13
1006 2552 1247 2598 inclamitari]
1278 2551 1404 2587 Plaut.
1431 2551 1545 2596 Epid.
1573 2555 1701 2596 5,2,46.
1727 2553 1773 2597 cf.

252 2600 349 2635 Fest.
385 2599 494 2634 Paul.
536 2601 648 2642 108‚1.
698 2599 920 2644 Inclamare‚
965 2599 1142 2635 conuiciis
1187 2602 1226 2635 et
1267 2598 1475 2634 maledictis
1516 2599 1702 2635 insectari.

254 2651 296 2682 14
329 2646 460 2692 igitur]
500 2646 627 2682 Plaut.
661 2647 747 2682 Mil.
783 2650 934 2691 3,1,177.
973 2650 1035 2682 etc.
1087 2646 1183 2682 Fest.
1220 2646 1329 2682 Paul.
1363 2650 1479 2689 105,2.
1529 2646 1647 2692 Igitur
1676 2657 1774 2682 nunc

251 2694 400 2740 quidem
419 2705 485 2739 pro
505 2693 762 2739 completionis
781 2693 1051 2739 significatione
1070 2694 1189 2739 ualet,
1215 2704 1309 2739 quae
1330 2695 1386 2729 est
1413 2693 1544 2739 ‘erg0’.
1583 2693 1648 2729 sed
1674 2693 1772 2739 apud

250 2741 422 2786 antiquos
447 2741 656 2786 ponebatur
679 2752 746 2787 pro
774 2741 890 2776 ‘inde’
919 2742 958 2776 et
984 2741 1145 2786 ‘postea’
1173 2743 1212 2777 et
1238 2741 1361 2776 ‘tum'.
1485 2744 1528 2775 16
1554 2740 1591 2776 in
1618 2741 1770 2786 mundo]

249 2790 395 2834 saepias
425 2789 527 2833 apud
555 2788 744 2825 Plautum.
773 2788 912 2825 Charis
938 2789 972 2823 ΙΙ
998 2793 1137 2833 201,10.
1164 2789 1212 2825 K.
1262 2789 1303 2823 In
1327 2788 1465 2823 mundo
1491 2798 1558 2833 pro
1581 2788 1710 2833 palam
1735 2789 1773 2823 et

250 2837 289 2872 in
320 2835 492 2881 expedito
527 2846 571 2871 ac
597 2835 682 2871 cito.
717 2835 763 2879 df.
790 2836 888 2871 Fest.
917 2835 1027 2871 Paul.
1058 2840 1193 2880 109,11.
1341 2839 1381 2871 17
1419 2834 1627 2881 iaculabor]
1662 2835 1711 2870 ad
1735 2846 1772 2870 u.

250 2883 448 2920 caculabor
472 2884 517 2926 ef.
545 2883 641 2919 Fest.
666 2883 774 2919 Paul.
796 2886 912 2928 46,14.
933 2882 1168 2928 Caculatum,
1195 2883 1399 2919 seruitium.
1425 2886 1457 2918 et
1475 2882 1632 2918 Caculae
1652 2893 1692 2926 p.
1713 2886 1770 2917 23.

254 2934 295 2967 18
320 2930 535 2978 interficito]
561 2930 674 2977 Apul.
702 2931 793 2966 Met.
821 2935 875 2967 11.
915 2930 1087 2977 Singultu
1113 2930 1241 2967 crebro
1266 2940 1471 2967 sermonem
1495 2928 1730 2965 interficiens.
