1898 3294
795 783 1070 837 PraefatiO.

914 903 945 946 l.

707 1005 772 1042 De
803 1004 933 1041 libris
965 1004 1149 1041 Placidi.

275 1106 439 1149 Placidi
479 1106 650 1161 glossae
688 1106 873 1161 primum
913 1106 967 1147 ab
1001 1105 1075 1147 An
1089 1106 1206 1160 gelo
1241 1105 1374 1147 Maio
1408 1122 1456 1148 ex
1485 1109 1698 1164 vquattuor

155 1178 273 1222 codd.
300 1177 537 1231 Vaticanis,
563 1192 745 1233 quorum
766 1180 854 1220 tres
882 1191 990 1219 saec.
1016 1175 1122 1229 XV„
1149 1180 1328 1232 quartus
1355 1193 1387 1219 s,
1407 1177 1525 1219 XVI.
1546 1178 1697 1233 scripti

155 1253 273 1304 sunt,
305 1250 348 1291 in
375 1245 510 1292 class.
543 1251 654 1291 auct.
680 1253 710 1291 t.
737 1247 815 1290 ΙΙΙ.
840 1248 886 1290 in
911 1248 1052 1290 lucem
1078 1248 1218 1290 editae
1246 1246 1412 1305 suntss).
1463 1248 1545 1290 His
1574 1249 1696 1291 libris

157 1320 496 1364 mendosissimis
529 1320 659 1375 longe
691 1319 845 1362 melior
878 1322 943 1361 est
974 1319 1086 1361 liber
1117 1317 1233 1361 XIV.
1265 1334 1375 1362 saec.
1407 1320 1613 1375 scriptus,
1645 1335 1695 1362 ex

155 1407 239 1449 quo
277 1392 373 1434 Ios.
410 1390 623 1434 Corsius
667 1391 712 1433 in
749 1390 987 1433 Annalium
1030 1390 1330 1433 universitatis
1370 1391 1594 1434 literarum
1633 1394 1697 1434 tu-

154 1463 351 1506 scanicae
389 1466 419 1504 t.
446 1462 478 1504 I.
510 1462 718 1505 lectiones
757 1462 902 1504 uarias
941 1461 994 1503 ad
1032 1462 1275 1517 exemplum
1309 1477 1536 1505 romanum
1568 1462 1695 1505 Pisae

89 1546 93 1549 ’
151 1534 348 1590 protulit.
397 1534 448 1576 de
479 1533 561 1576 hoc
592 1533 704 1576 libro
736 1533 899 1575 Fried.
930 1532 1257 1575 Ritschelius
1290 1548 1409 1576 more
1448 1549 1525 1576 suo
1557 1534 1696 1576 multa

155 1609 280 1649 acute
312 1610 356 1648 et
389 1605 613 1660 ingeniose
646 1605 884 1660 disputauit
915 1603 973 1662 (u.
999 1604 1082 1647 Rh.
1108 1604 1217 1647 Mus.
1248 1605 1372 1648 1869.
1404 1620 1444 1660 p.
1470 1606 1570 1647 456.
1603 1604 1696 1661 sq.),

152 1675 227 1719 sed
246 1676 355 1718 illud
375 1676 603 1731 dubitauit,
623 1691 678 1718 an
703 1677 779 1718 ille
805 1676 938 1719 codex
963 1690 1112 1718 omnes
1139 1676 1310 1732 glossas
1337 1691 1363 1719 a
1386 1675 1520 1719 Maio
1547 1677 1695 1732 palam

151 1747 289 1790 factas
322 1746 724 1802 comprehenderet:
769 1762 871 1789 nam
908 1747 1116 1790 lectiones
1154 1747 1301 1789 uarias
1334 1762 1384 1789 ex
1417 1762 1467 1790 eo
1498 1749 1693 1803 prolatas

150 1818 222 1861 uix
255 1818 309 1861 ad
334 1818 556 1860 dimidiam
587 1822 758 1873 partem
783 1819 1029 1875 glossarum
1060 1818 1276 1861 editarum
1308 1819 1524 1874 pertinere
1555 1835 1694 1875 neque

150 1904 244 1932 esse
276 1890 369 1932 ueri
401 1889 556 1944 simile,
587 1890 632 1932 in
657 1890 771 1933 libro
799 1890 1029 1932 admodum
1062 1890 1267 1932 mendoso
1301 1890 1490 1946 reliquas
1523 1890 1692 1946 glossas

150 1960 269 2003 uitiis
313 1975 468 2003 carere.
532 1963 578 2003 at
620 1961 748 2004 nobis
786 1954 968 2017 quidem
996 1961 1107 2003 liber
1152 1959 1386 2004 Corsianus
1425 1960 1498 2020 (C)
1544 1962 1694 2004 eadem

148 2031 320 2074 uidetur
349 2032 581 2086 continere,
608 2022 723 2088 ‘quae
748 2032 880 2074 ceteri
912 2032 1091 2075 codices.
1141 2033 1331 2087 primum
1362 2034 1476 2075 enim
1508 2034 1693 2089 glossae,

150 2117 257 2158 quas
295 2102 447 2145 attulit
484 2102 717 2158 Corsius,
759 2117 849 2146 non
892 2103 956 2146 inv
979 2103 1226 2146 breuiorem
1262 2103 1448 2146 formam
1494 2104 1692 2147 redactae

151 2175 252 2215 sunt
290 2176 334 2215 et
371 2174 407 2215 si
446 2188 556 2229 quae
600 2174 824 2216 breuiatae
868 2177 1139 2229 comparent,
1182 2174 1229 2217 in
1273 2175 1371 2218 aliis
1410 2175 1536 2218 libris
1575 2175 1690 2218 idem

149 2244 345 2287 uidemus
376 2244 540 2287 factum
572 2260 679 2288 esse.
727 2248 821 2287 tum
853 2245 938 2287 l'oci
970 2260 995 2287 a
1027 2244 1209 2288 Corsio
1241 2246 1554 2302 praetermissi,
1592 2262 1690 2289 cum

149 2315 401 2371 plerumque
440 2316 582 2359 minus
614 2316 885 2359 difficultatis
917 2316 1126 2371 habeant,
1167 2331 1221 2359 ne
1255 2318 1299 2359 in
1331 2318 1484 2359 ceteris
1517 2318 1689 2373 quidem

150 2386 272 2428 libris
305 2386 368 2429 ita
388 2387 573 2430 multum
598 2386 712 2430 inter
744 2402 788 2430 se
821 2387 1034 2430 differunt.
1084 2388 1267 2444 denique
1299 2389 1344 2430 in
1365 2387 1398 2444 C
1419 2389 1568 2431 eadem
1600 2389 1689 2432 fere

150 2459 250 2499 sunt
287 2458 467 2513 omissa,
511 2473 619 2515 quae
657 2459 703 2501 in
747 2459 871 2502 libris
916 2459 1118 2515 integris,
1163 2459 1361 2516 idemque
1400 2460 1472 2516 qui
1510 2460 1554 2501 in
1599 2461 1687 2502 illis

151 2531 348 2571 seruatur
373 2530 489 2572 ordo.
539 2530 580 2572 id
606 2530 769 2586 optime
795 2531 1068 2586 perspicitur,
1099 2530 1174 2572 ubi
1198 2529 1340 2572 Maius
1368 2531 1577 2586 quaedam
1612 2547 1689 2574 sua

153 2601 305 2652 sponte
330 2599 592 2656 immutauit,
624 2602 744 2644 uelut
776 2602 820 2644 in
852 2602 1011 2656 glossis
1044 2601 1292 2653 ‘admodum
1321 2602 1442 2655 salla,
1467 2602 1587 2657 μηνί,
1620 2604 1685 2644 uel

245 2786 279 2831 *)
306 2786 359 2821 De
393 2786 497 2823 codd.
531 2787 651 2824 Vatic.
684 2801 717 2824 u.
752 2789 1104 2825 Wilmannsium
1136 2790 1173 2825 in
1208 2790 1275 2826 Rh.
1303 2790 1397 2826 Mus.
1431 2792 1457 2826 t.
1491 2790 1621 2825 XXIV.
1650 2803 1685 2836 p.

149 2848 229 2881 362.
262 2857 315 2890 eq.
362 2845 627 2883 Kettnerum
658 2847 696 2883 in
728 2848 853 2884 Herm.
886 2851 911 2883 t.
945 2848 1005 2885 VI.
1038 2861 1073 2894 p.
1106 2853 1183 2884 106.
1210 2861 1264 2894 sq.
1309 2848 1472 2885 Theod.
1505 2851 1684 2885 Momm—

149 2904 322 2940 senium
348 2904 385 2940 iu
412 2905 536 2941 Herm.
562 2908 588 2942 t.
616 2906 714 2941 vm.
740 2918 775 2952 p.
802 2911 858 2943 67.

1352 2968 1401 3001 a*
