1898 3294
887 183 1178 224 —32—

269 286 531 342 Dusmum,
563 287 791 342 incultum,
823 287 1050 330 dumosum
1082 288 1152 330 uel
1185 288 1442 343 squalidum.

270 346 308 388 D
319 361 340 388 e
350 361 368 388 s
378 362 404 388 u
416 346 442 387 d
451 360 473 387 e
479 361 500 407 s
509 360 531 387 c
540 361 561 388 e
570 361 638 401 re,
670 347 876 388 desudare
886 380 897 402 ,
930 347 972 388 id
1005 350 1070 389 est
1101 347 1312 402 deponere
1345 348 1532 389 sudores

271 405 485 460 Denixe,
517 406 652 447 enixe.

272 463 521 506 Donicum
555 465 768 520 eiurem,
800 465 933 507 donec
964 465 1160 508 refutem.

237 535 252 559 5
273 522 563 578 Diuidiose,
596 524 790 567 moleste.

221 833 253 856 10

222 1127 255 1152 15

272 582 343 624 De
356 597 543 637 musso,
575 583 745 638 dubito,
771 584 1007 627 dissimulo.

273 640 561 696 Deiurium,
593 642 887 684 iusiurandum
919 646 1083 686 certum
1114 644 1268 686 iurare.

273 700 363 742 Dis
403 701 638 755 liquidis,
676 702 757 743 diis
795 703 1054 758 perspicuis,
1091 702 1134 744 id
1168 706 1233 744 est
1265 718 1371 758 quos
1404 704 1570 759 liqueat
1601 717 1715 759 esse,
1753 705 1802 745 ut

333 763 399 802 est
432 759 507 802 Sol
539 762 582 801 et
613 760 746 802 Luna.

274 819 399 861 Dius
432 819 612 870 fidius,
645 819 763 862 Iouis
796 820 923 862 filius.

274 878 534 933 Disrupit,
566 878 782 933 dispersit.

275 937 504 992 Doliola,
554 938 672 979 locus
724 938 948 993 depressus
997 954 1132 994 prope
1182 939 1374 982 cloacam
1424 940 1678 995 maximam,
1726 939 1802 982 ubi

333 996 781 1098 {pprgpinqtuantibus
796 997 934 1040 Gallis
955 1013 1077 1041 sacra
1098 999 1307 1054 quaedam
1327 999 1511 1042 Romani
1527 999 1621 1041 loco
1636 998 1804 1041 occulto

363 1071 384 1097 e
405 1071 429 1098 o
462 1071 567 1097 erun
590 1089 599 1098 .

276 1115 314 1156 D
324 1130 345 1156 e
359 1130 437 1164 mu
447 1130 486 1156 m
494 1149 506 1170 ,
538 1119 650 1170 tum,
682 1119 775 1158 tum
806 1116 1018 1172 deinceps

276 1174 546 1230 Deliquio‚
578 1175 765 1218 obliuiox

369 1367 391 1398 4
418 1363 556 1398 eiurem
583 1363 636 1398 G:
663 1363 800 1399 euitem
828 1364 865 1398 P
937 1369 956 1399 6
977 1364 1157 1399 Demusso
1177 1364 1227 1400 G:
1255 1364 1424 1400 Demisso
1450 1364 1539 1407 HR,
1565 1363 1715 1400 dimisso
1742 1363 1774 1398 0
1798 1362 1804 1410 Ι

275 1410 406 1446 dubito
440 1411 489 1446 G:
522 1410 650 1446 deuito
687 1412 724 1445 P
867 1416 885 1447 7
912 1411 1102 1447 Deiurium
1131 1412 1214 1447 OG:
1247 1411 1438 1447 Deuirium
1472 1412 1549 1447 HR
1695 1416 1716 1445 8
1742 1410 1807 1446 Dis

274 1458 427 1503 liquidis
461 1459 545 1493 bea:
582 1458 813 1504 Disliquidos
846 1459 934 1502 GH,
972 1458 1186 1504 Disliquida
1215 1459 1251 1494 R
1273 1462 1278 1503 1
1301 1459 1372 1495 diis
1403 1459 1608 1504 perspicuis
1641 1458 1691 1494 G:
1734 1458 1806 1494 dis-

274 1505 478 1551 perspicuis
504 1506 561 1548 H,
594 1505 861 1551 disperspiquis
890 1506 934 1551 O,
967 1506 1223 1552 disperspicua
1246 1507 1282 1542 R
1304 1508 1309 1553 Ι
1332 1517 1423 1552 quos
1447 1507 1595 1551 scripsi:
1630 1505 1730 1551 quod
1755 1506 1806 1549 H,

275 1564 371 1598 quae
396 1552 443 1595 R,
470 1554 512 1588 ut
537 1553 581 1597 G,
608 1564 674 1589 om.
703 1554 733 1588 O
759 1556 764 1598 Ι
794 1554 943 1600 delique
968 1556 1007 1589 et
1032 1565 1111 1589 esse
1138 1555 1169 1589 0
1301 1558 1344 1589 10
1369 1553 1570 1589 Diusfidius
1597 1553 1650 1589 G:
1676 1553 1805 1588 Dium-

276 1600 385 1636 fidius
413 1601 450 1634 P
576 1605 615 1635 11
643 1600 813 1646 Disrupit
831 1613 904 1646 pa:
932 1601 1108 1646 Derupsit
1135 1602 1226 1646 va,
1253 1601 1409 1647 Derupit
1433 1613 1499 1636 mr.
1524 1603 1611 1645 fort.
1638 1599 1806 1646 Dirupsit

275 1647 489 1693 disperserit
589 1652 629 1683 12
651 1647 801 1683 Doliola
819 1648 968 1684 Festus:
995 1648 1142 1684 Deliola
1167 1649 1217 1694 H,
1244 1649 1398 1684 Delioea
1416 1649 1453 1684 R
1466 1659 1590 1694 maryo
1609 1648 1661 1693 H,
1681 1648 1805 1684 Delio-

276 1706 351 1740 qua
376 1695 410 1730 G
526 1699 570 1730 13
596 1695 677 1730 loco
707 1696 785 1740 Pp:
811 1696 895 1731 loca
920 1697 988 1731 bva
1010 1698 1015 1741 Ι
1039 1697 1184 1732 occulto
1210 1697 1276 1741 bp:
1304 1696 1450 1732 occulta
1477 1696 1559 1731 Pva
1674 1699 1719 1731 14
1743 1695 1806 1730 de-

275 1742 449 1777 foderunt
475 1742 525 1778 G:
547 1742 793 1778 defenderunt
821 1744 856 1778 P
947 1747 988 1778 15
1015 1744 1096 1778 tum
1120 1745 1202 1779 tum
1223 1744 1266 1779 C:
1293 1747 1371 1779 tum
1398 1743 1475 1778 HR
1563 1748 1606 1779 16
1632 1741 1806 1788 Deliquio

276 1790 378 1826 Rva:
404 1790 564 1835 Deliquo
592 1790 686 1826 CHb

376 1890 393 1920 1
421 1885 610 1931 dusmum]
638 1885 736 1920 Fest.
766 1885 876 1921 Paul.
904 1890 996 1931 87,8.
1141 1891 1162 1921 2
1189 1886 1447 1932 desudescere]
1474 1886 1520 1929 ef.
1547 1884 1807 1921 desudascitur

276 1944 336 1977 ap.
365 1933 492 1968 Plaut.
510 1933 646 1968 Bacch.
674 1936 801 1977 1,1,33.
970 1938 990 1968 3
1017 1933 1165 1980 denixe]
1196 1935 1322 1970 Plaut.
1352 1934 1458 1970 Trin.
1484 1936 1613 1976 3‚2,26.
1648 1931 1802 1976 Ritscm,

275 1980 346 2015 Rh.
365 1981 467 2015 Mus.
483 1984 622 2024 25,460.
721 1985 741 2015 5
762 1980 960 2026 diuidiose]
983 1980 1054 2015 ΟΡ
1065 1992 1104 2026 p.
1131 1986 1229 2017 170.:
1256 1983 1350 2017 Item
1364 1993 1387 2017 a
1405 1980 1533 2016 diuido
1555 1979 1806 2022 ‘diuidiosus’,

277 2039 310 2071 a,
341 2040 415 2072 um,
454 2027 492 2062 id
525 2029 582 2062 est
612 2027 676 2063 ille
708 2027 773 2073 qui
807 2028 901 2064 alios
933 2028 1070 2064 diuidit
1100 2030 1139 2064 et
1169 2029 1380 2065 discordare
1411 2027 1513 2063 facit.
1548 2027 1637 2062 ibid.
1657 2038 1698 2072 p.
1727 2030 1805 2062 176.

279 2074 509 2118 Diuiffiosus,
536 2074 601 2119 qui
625 2086 692 2120 per
717 2086 821 2111 suam
846 2076 1070 2111 discordiam
1096 2077 1134 2111 et
1165 2076 1259 2112 alios
1285 2075 1430 2112 diuidit.
1461 2075 1505 2110 de
1529 2086 1565 2109 u.
1592 2073 1735 2109 diuidia
1759 2074 1805 2118 cf.

287 2123 394 2157 Varr.
420 2123 463 2158 L.
478 2122 522 2157 L.
553 2126 644 2167 7,60.
681 2122 779 2159 Fest.
810 2123 919 2158 Paul.
953 2127 1066 2168 70‚15.
1098 2124 1196 2159 Non.
1224 2128 1339 2170 9632.
1378 2126 1514 2165 101,19.
1554 2121 1671 2157 Class.
1697 2122 1806 2156 Auet.

279 2170 332 2205 ed.
355 2170 443 2205 Mai
462 2173 577 2214 6‚521.
600 2170 671 2204 ΟΡ
683 2181 722 2215 p.
744 2174 822 2206 176.
852 2173 929 2206 181.
948 2172 1054 2216 91083.
1080 2171 1197 2206 Labb.
1294 2176 1313 2206 7
1335 2169 1534 2215 deiurium]
1554 2169 1600 2213 cf.
1620 2169 1682 2205 lib.
1700 2169 1805 2214 91088.
1823 2167 1829 2172 ’

279 2217 447 2261 Deierat,
486 2228 615 2252 uerum
652 2217 761 2253 iurat.
909 2221 952 2253 10
990 2217 1073 2254 dius
1104 2218 1228 2264 fidius]
1263 2220 1309 2262 cf.
1349 2218 1457 2254 Varr.
1483 2217 1528 2253 L.
1547 2217 1592 2252 L.
1618 2220 1710 2262 5,66.

281 2270 322 2299 11
350 2264 524 2309 disrupit]
551 2265 613 2299 lib.
637 2266 740 2309 yloss.
769 2265 837 2310 (v):
863 2265 1043 2311 Disrupit,
1069 2265 1274 2311 dissipauit,
1301 2265 1484 2311 dispersit.
1583 2267 1626 2299 12
1651 2262 1805 2308 doliola]

286 2312 392 2347 Varr.
419 2312 464 2348 L.
484 2311 528 2346 L.
556 2315 671 2355 5,157.
721 2311 840 2347 Locus
867 2312 932 2357 qui
955 2314 1112 2348 uocatur
1136 2313 1284 2349 Doliola
1315 2313 1363 2348 ad
1394 2313 1559 2348 cluaeam
1592 2310 1806 2354 maximam,

278 2359 343 2394 ubi
362 2370 436 2395 non
455 2358 545 2394 licet
564 2359 755 2404 despuere,
783 2370 805 2394 a
829 2359 978 2405 doliolis
998 2360 1066 2395 sub
1084 2361 1195 2396 terra.
1232 2372 1360 2396 eorum
1386 2360 1480 2395 duae
1505 2358 1665 2394 traditae
1690 2357 1806 2392 histo-

277 2406 365 2452 riae,
404 2406 503 2451 quod
539 2405 606 2441 alii
642 2405 760 2442 inesse
796 2407 903 2442 aiunt
946 2418 1030 2443 ossa
1067 2408 1307 2452 cadauerum,
1345 2407 1411 2444 alii
1447 2407 1593 2442 Numae
1629 2403 1808 2450 Pompilii

278 2453 455 2499 religiosa
480 2453 663 2499 quaedam
687 2455 773 2499 post
796 2456 956 2490 mortem
981 2454 1060 2490 eius
1085 2454 1243 2491 defossa..
1282 2456 1380 2491 Fest.
1402 2454 1512 2489 Paul.
1533 2455 1624 2496 69,8.
1657 2450 1807 2487 Doliola

278 2502 381 2536 locus
416 2501 455 2536 in
481 2500 579 2536 Urbe
606 2501 659 2536 sic
684 2502 849 2546 uocatus,
877 2501 965 2547 quia
996 2501 1258 2538 inuadentibus
1282 2502 1400 2538 Gallis
1431 2499 1637 2536 Senonibus
1676 2499 1806 2535 urbem

278 2560 382 2584 sacra
406 2547 445 2583 in
471 2548 599 2583 eodem
626 2548 709 2584 loco
734 2548 883 2584 doliolis
909 2548 1074 2594 reposita
1098 2549 1260 2586 fuerunt.
1304 2560 1381 2594 qua
1403 2549 1448 2584 de
1474 2558 1587 2583 causa
1611 2547 1651 2582 in
1677 2546 1807 2600 eodem

278 2597 360 2631 loco
385 2607 432 2631 ne
457 2595 635 2641 despuere
662 2596 774 2631 alicui
799 2595 948 2631 licebat.
997 2597 1082 2632 Isiu.
1109 2601 1202 2642 5,40.
1246 2597 1401 2632 Flamen
1425 2594 1575 2631 interim
1602 2593 1802 2637 Quirinalis

278 2642 1199 2735 35513525‘133232233323353&2323{3553ss
1217 2654 1400 2735 3333&
1402 2653 1657 2734 {3133322‘3}
1675 2651 1807 2742 ζὲἓεῖῗ

279 2738 543 2780 consultantes,
570 2738 699 2783 quisue
721 2749 766 2773 ea
785 2738 887 2773 locus
907 2738 1008 2773 fideli
1021 2739 1282 2774 adseruaturus
1302 2737 1472 2774 custodia
1490 2738 1598 2780 esset,
1624 2736 1806 2781 optimum

279 2785 420 2820 ducunt
444 2784 594 2820 condita
613 2785 666 2820 in
697 2784 845 2821 doliolis
871 2785 1009 2821 sacello
1034 2785 1206 2831 proximo
1230 2785 1384 2822 aedibus
1408 2783 1567 2821 flaminis
1592 2781 1805 2826 Quirinalis,

278 2832 344 2868 ubi
368 2843 465 2867 nunc
490 2831 620 2877 despui
644 2832 778 2878 religio
804 2833 874 2878 est,
901 2831 1084 2869 defodere.
1190 2837 1233 2868 15
1258 2833 1422 2878 demum]
1451 2832 1547 2868 Fest.
1576 2829 1686 2865 Paul.
1713 2832 1805 2873 70,8.

279 2879 450 2922 Demum,
475 2879 575 2924 quod
601 2879 787 2925 significat
813 2880 940 2925 ‘post’,
966 2880 1066 2926 apud
1091 2879 1239 2916 Liuium
1264 2881 1394 2916 demus
1412 2879 1561 2926 legitur.
1645 2881 1687 2912 16
1713 2875 1804 2918 deli·

281 2926 384 2973 quio]
412 2928 457 2970 cf.
487 2926 614 2962 Plaut.
642 2927 747 2972 Capt.
773 2931 901 2973 3,4‚93.
