1898 3294
773 197 820 203 -
888 184 966 215 xxi
1032 197 1086 202 -·

80 274 82 276 ’
161 279 426 338 ‘palpitrwns'
447 296 522 324 seu
542 278 823 336 ‘palmum-3⁹,
852 279 1100 323 Luctatium
1121 280 1279 334 autem,
1298 292 1395 321 cum
1415 277 1498 321 hoc
1517 277 1698 321 uerbum

161 353 423 410 antiquitate
460 345 743 396 obliteratum
781 351 820 393 ei
857 365 1011 407 parum
1048 349 1235 393 latinum
1273 350 1416 393 uisum
1453 351 1586 405 esset,
1617 363 1696 405 pro

159 438 211 468 eo
240 438 392 468 uocem
421 423 695 468 usitatiorem
726 419 966 478 ‘palpitans’
992 421 1209 477 posuisse:
1240 419 1484 464 Varronem
1516 420 1690 477 quidem

160 493 399 551 ‘palpebrae'
435 510 514 551 pro
553 491 798 548 ‘palpebrae'
838 506 1072 548 usurpasse
1104 489 1329 535 Charisius
1367 491 1387 534 I
1425 492 1521 547 105,
1544 492 1611 535 14.
1642 491 1694 535 K.

158 568 359 611 testatur.
413 564 565 611 deinde
611 564 727 621 quod
759 563 960 607 Placidus
994 562 1266 618 ‘supellectile’
1298 566 1346 605 ut
1376 563 1696 607 nominatiuum

160 636 430 692 singularem
473 636 620 692 posuit
663 638 708 678 et
751 634 943 679 ‘enucleo'
986 634 1198 678 secundae
1240 634 1564 691 coniugationis
1602 649 1695 677 esse

156 706 285 763 dixit,
328 707 413 763 ipsi
455 707 565 750 uitio
610 706 796 750 dandum
841 721 934 750 esse
972 708 1097 762 puto,
1143 706 1250 749 item
1294 706 1406 762 quod
1445 706 1695 762 analogiam

156 778 315 832 uitium
346 778 415 821 uel
443 778 747 822 rectitudinem
767 777 949 822 alicuius
981 778 1102 820 uerbi
1134 778 1446 833 interpretatus
1479 780 1566 832 est,
1598 792 1695 820 cum
1772 836 1774 838 V

157 849 219 893 sic
237 849 327 892 fere
347 849 488 893 dicere
509 850 726 893 debuerit:
759 848 1027 904 εΑηαῖορὶα
1045 853 1104 892 est
1126 849 1235 892 ratio
1253 849 1556 901 similitudinis,
1587 850 1696 892 mede

155 922 407 976 coquo-scitur
442 922 595 964 uitium
631 921 698 965 uel
714 940 717 943 ·
735 921 928 964 rectitudo
965 921 1144 964 alicuius
1174 919 1317 963 uerbi’.
1367 935 1478 976 quae
1510 920 1693 976 denique

156 1007 189 1035 s.
228 1007 267 1035 u.
301 992 438 1046 factus
475 993 681 1049 leguntur
718 1007 771 1035 ne
809 991 987 1035 Placido
1026 991 1200 1049 quidem
1237 991 1387 1047 digna,
1431 1006 1483 1034 ea
1520 990 1693 1034 aliunde

155 1063 331 1107 inuecta
369 1079 464 1107 esse
503 1064 660 1107 idcirco
693 1063 966 1119 crediderim,
998 1063 1111 1120 quod
1143 1063 1251 1106 haec
1282 1063 1433 1119 glossa
1465 1063 1518 1123 ad
1550 1063 1691 1106 Iesum

155 1133 399 1191 Christum,
431 1135 504 1192 qui
537 1149 636 1178 caro
669 1134 810 1178 factus
842 1138 927 1191 est,
959 1134 1131 1178 uidetur
1161 1134 1389 1178 referenda
1419 1149 1526 1178 esse.
