1898 3294
749 205 801 211 —.-
868 193 915 224 lx
980 205 1031 210 .--.

114 292 238 344 patre
264 289 333 343 73,
363 290 439 343 12,
472 287 560 331 alia
598 302 707 343 quac
747 288 790 330 111
829 288 951 331 libris
991 287 1203 343 sequioris
1242 286 1452 342 temporis
1491 291 1662 329 tantum

124 360 193 406 uel
237 360 402 403 mediae
446 358 603 401 aetatis
650 358 716 401 uel
762 374 972 415 nusquam
1018 359 1127 402 alias
1172 362 1357 401 exstant.
1418 357 1504 400 iam
1546 356 1662 413 quod

115 431 320 487 placitum
357 446 396 487 p.
429 431 498 485 23,
526 431 566 473 4.
616 433 660 472 61
695 430 894 473 denarius
919 431 958 484 9,
987 431 1027 473 2.
1070 432 1115 472 et
1142 430 1306 484 fabrica
1336 430 1407 483 57,
1443 428 1509 471 10.
1547 427 1661 471 idem

124 502 374 559 significant
412 500 526 557 quod
564 499 843 543 ‘contractus'
880 498 939 557 (u.
977 500 1152 543 Areual.
1190 501 1242 543 ad
1273 500 1374 542 Isid.
1412 500 1452 554 5,
1471 499 1662 555 24‚19.),

125 571 360 627 ‘asuarius’‚
392 571 516 627 ‘opus
541 571 837 615 fabricatum’:
870 572 976 614 haec
1007 587 1076 615 res
1112 572 1331 615 inferioris
1365 571 1522 614 aetatis
1561 570 1662 613 scri-

123 647 292 700 ptorem
313 643 519 686 declarat.
557 658 653 686 cum
674 643 857 699 denique
878 642 1078 686 Placidus
1110 643 1324 699 praecipit
1356 643 1588 686 ‘laborauit
1614 642 1662 684 dc

116 716 338 770 praeterito
349 729 427 769 per
445 729 485 766 u,
511 715 748 757 liberabit
765 715 814 757 de
829 715 972 768 futuro
986 729 1062 769 per
1080 715 1103 757 b
1133 713 1342 758 scribitur’
1376 718 1420 756 et
1451 714 1565 756 idem
1599 713 1662 755 ait

123 785 314 828 ‘carnaea
331 800 411 840 per
438 801 467 828 u
492 786 616 830 scribi
650 785 831 842 oportet',
867 789 911 829 et
942 786 1146 829 indicium
1177 789 1243 828 est
1271 786 1460 828 ineuntis
1497 784 1662 827 mediae

123 858 292 912 aetatis,
313 872 397 913 qua
428 858 580 900 literae
612 858 640 900 b
673 860 717 900 et
748 873 775 899 u
807 858 1045 913 permutari
1077 858 1290 913 solebant,
1322 861 1366 899 et
1398 857 1540 912 ipsum
1566 855 1662 898 Pla-

125 928 267 971 cidum
288 929 370 972 hoc
390 930 499 972 uitio
521 930 743 972 laborasse
757 932 957 973 testatur.
994 932 1216 985 postremo
1250 929 1364 985 quod
1395 928 1447 970 de
1477 927 1662 984 paganis

123 1004 172 1043 ut
199 1000 251 1042 de
283 1003 478 1043 ueterum
511 1015 732 1044 sacrorum
764 1000 971 1043 studiosis
1003 1000 1215 1057 loquitur,
1248 1001 1289 1043 id
1322 999 1582 1043 uocabulum
1615 999 1658 1040 iu

122 1071 262 1114 edicto
303 1071 603 1115 Valentiniani
655 1075 699 1115 et
741 1071 942 1115 Valentis
992 1072 1303 1128 imperatorum
1347 1071 1536 1127 primum
1580 1070 1661 1112 hac

122 1142 440 1198 significatione
474 1146 724 1200 usurpatum
755 1144 984 1186 inuenitur.
1511 1155 1513 1157 ’

240 1213 322 1257 His
360 1215 499 1257 causis
542 1215 695 1258 ductus
739 1215 993 1258 Kettnero
1038 1213 1142 1273 (Zur
1182 1214 1330 1257 Kritik
1374 1214 1450 1256 der
1487 1213 1662 1268 glossae

122 1284 289 1328 Placidi
324 1286 521 1344 1872.-p.
555 1286 641 1344 12.)
681 1286 884 1330 assentiri
920 1301 1086 1342 nequeo
1126 1286 1337 1330 statuenti
1370 1284 1593 1327 Placidum
1625 1284 1662 1326 si

122 1371 208 1399 non
240 1358 425 1402 secundo
463 1362 509 1401 at
545 1362 662 1401 certe
700 1358 835 1402 tertio.
863 1359 1035 1401 saeculo
1067 1358 1246 1401 uixisse:
1295 1360 1442 1400 censet
1472 1355 1588 1398 enim
1619 1358 1663 1397 et

122 1427 283 1484 Apulei
302 1433 347 1472 et
365 1429 598 1472 Frontonis
618 1432 760 1473 aetate
780 1430 1022 1486 priscorum
1052 1430 1285 1473 uerborum
1317 1443 1421 1484 opes
1453 1427 1507 1471 ad
1537 1441 1662 1469 usum

122 1499 241 1543 illius
278 1502 435 1544 aetatis
473 1501 696 1544 hominum
733 1501 999 1545 necessarias
1042 1501 1176 1544 fuisse
1221 1503 1265 1543 et
1300 1499 1494 1543 Nonium
1530 1498 1662 1540 tertio

122 1572 293 1615 saeculo
326 1572 594 1615 collectanea
631 1588 710 1616 sua
746 1576 1055 1628 comportasse.
1111 1575 1158 1616 at
1187 1573 1225 1615 si
1256 1586 1422 1614 morem
1452 1570 1662 1625 temporis

120 1641 406 1687 Frontoniam'
425 1645 632 1700 respicias
653 1659 704 1687 ex
725 1659 861 1700 eoque
876 1644 1079 1701 consequi
1098 1644 1228 1701 dicas,
1246 1644 1489 1700 priscarum
1508 1655 1664 1684 uocum

123 1714 350 1758 thesauros
389 1716 478 1758 illis
516 1715 765 1758 hominibus
805 1716 1110 1771 antiquissima
1153 1729 1346 1772 quaeque
1385 1713 1662 1769 captantibus

124 1801 175 1829 ex
206 1802 287 1829 usu
319 1786 473 1843 fuisse,
505 1787 653 1830 eodem
685 1788 776 1830 iure
809 1786 1022 1830 Antonini
1053 1787 1123 1830 uel
1156 1786 1325 1830 Aurelii
1357 1788 1499 1828 aetate
1526 1783 1662 1826 Placi-

123 1857 225 1900 dum
244 1858 413 1914 glossas
434 1858 661 1915 collegisse
682 1859 842 1914 credas,
871 1859 1130 1914 praesertim
1149 1874 1246 1901 cum
1267 1856 1465 1913 sequenti
1491 1854 1663 1897 saeculo

122 1928 229 1972 illud
250 1930 524 1986 antiquitatis
545 1930 737 1973 studium
756 1930 1004 1987 elanguisse
1024 1915 1207 1973 const-‚etl
1253 1928 1356 1985 quid
1376 1927 1491 1984 quod
1509 1926 1663 1968 Festus

123 2004 278 2056 quarto
300 2002 472 2044 saeculo
491 2001 627 2044 simili
645 2001 872 2044 literarum
891 2003 1041 2058 generi
1072 2015 1247 2057 operam
1279 1999 1398 2042 dedit
1430 2002 1473 2042 et
1491 1997 1664 2051 Paulus,

124 2071 215 2114 eius
247 2072 526 2128 epitomatm,
557 2071 704 2116 Caroli
734 2073 887 2129 Magni
918 2073 1113 2129 aequalis
1146 2072 1269 2114 erat?
1301 2076 1350 2113 ut
1380 2070 1491 2112 nihil
1521 2069 1663 2110 dicam

123 2142 175 2184 de
212 2143 380 2199 ingenti
418 2144 663 2199 glossarum
699 2159 896 2200 numero,
934 2159 1043 2200 quae
1087 2143 1296 2199 proximis
1338 2140 1522 2202 saeculis
1566 2154 1662 2199 611111

124 2214 176 2256 ad
197 2214 308 2257 alios
327 2216 560 2271 scriptores
579 2219 674 2258 tum
706 2216 760 2259 ad
785 2215 1023 2272 Virgilium
1055 2214 1362 2258 illustrandum
1394 2211 1663 2266 conscriptae

123 2288 235 2328 sunt.
273 2286 387 2342 quod
412 2290 558 2330 autem
590 2290 788 2330 auctores
820 2286 993 2330 Lucano
1013 2286 1156 2329 Plinio
1178 2285 1369 2328 Cornuto
1401 2282 1663 2326 recentiores

124 2371 150 2398 a
167 2355 344 2400 Placido
363 2358 507 2401 nullos
540 2358 684 2401 afferri
706 2359 994 2402 Kettnerus
1026 2359 1207 2401 miratus
1240 2360 1318 2412 est,
1350 2370 1523 2412 quaero,
1555 2368 1662 2410 quos

124 2427 234 2471 alios
252 2429 475 2472 nominare
501 2429 699 2472 debuerit
716 2429 933 2486 Placidus,
964 2430 1123 2486 quippe
1150 2429 1224 2485 qui
1258 2443 1341 2471 una
1372 2442 1469 2470 cum
1502 2426 1662 2482 glossis

125 2500 256 2542 etiam
298 2501 417 2543 locos
461 2504 685 2544 auctorum
735 2516 814 2557 pro
862 2500 1126 2544 testimoniis
1170 2499 1338 2556 positos
1380 2513 1431 2542 ex
1474 2496 1663 2552 antiquis

126 2569 457 2628 glossographis
482 2575 705 2616 mutuatus
737 2587 832 2615 esse
861 2572 1070 2616 uideatur.
1107 2570 1273 2614 accedit
1303 2569 1418 2626 quod
1437 2569 1663 2612 Luctatius

125 2655 258 2697 aeque
296 2646 426 2699 atque
462 2643 654 2687 Isidorus
691 2654 962 2701 paganorum
1000 2643 1217 2686 mentione
1254 2642 1415 2685 iniecta
1450 2655 1662 2696 nusquam

125 2713 170 2755 in
200 2715 428 2770 utramque
459 2704 627 2770 partem
657 2715 864 2771 disputat,
895 2715 1006 2758 unde
1038 2729 1161 2757 sacra
1187 2713 1417 2769 gentilium
1448 2713 1525 2754 illo
1557 2715 1662 2755 tem-

124 2799 228 2839 pore
248 2785 408 2828 dudum
427 2786 594 2830 abolita
613 2790 658 2830 et
676 2787 805 2829 fidem
825 2786 1108 2829 christianam
1127 2786 1214 2828 iam
1245 2785 1476 2828 altissimis
1508 2782 1662 2826 radici-

124 2855 206 2899 bus
248 2856 379 2899 fixam
423 2856 555 2900 fuisse
597 2857 836 2912 putandum
880 2859 958 2900 est.
1018 2856 1133 2900 infra
1174 2859 1323 2899 tamen
1366 2856 1525 2899 annum
1563 2855 1663 2897 535.

124 2926 290 2971 Placidi
309 2928 479 2985 glossas
498 2927 735 2971 reiciendas
755 2943 842 2971 non
861 2942 968 2983 esse,
1000 2928 1268 2984 praefatione
1289 2928 1368 2971 illa
1386 2926 1663 2982 cognoscitur
